3160 5100
641 306 851 370 ...39-

170 477 198 540 si
222 476 389 539 examines
414 475 517 539 fastos
533 476 755 561 symposiacos
772 475 880 540 omnia
895 476 1038 566 perbene
1054 475 1213 562 disposita
1228 477 1318 540 vide-

169 585 232 650 bis.
277 586 407 650 Desunt
439 587 473 648 in
503 585 619 649 diebus
653 607 695 649 ex
730 583 1056 668 Graecorummore
1090 585 1319 651 enumerandis

169 695 280 778 ἐνάτη,
305 696 434 778 δεκάτη,
464 697 631 780 ἑνδεκάτη,
661 697 842 777 δωδεκάτη,
875 697 961 777 τρίτη
989 677 1122 779 τετάρτη
1151 698 1202 763 ἐπὶ
1230 699 1317 780 δέκα,

169 807 286 888 ἑβδόμη
314 807 415 887 ὀγδόη
443 807 539 888 ἐνάτη
568 808 619 872 ἐπὶ
647 808 738 890 δέκα,
774 807 873 891 εἰκάε,
904 808 1032 890 πρώτη,
1066 808 1201 888 δευτέρα
1228 808 1316 890 τρίτη

169 918 247 998 μετὰ
270 916 395 1000 εἰκάδα,
418 919 559 1000 πέμπτη,
584 918 675 1000 ἕκτη,
698 917 816 998 ἑβδόμη
838 920 919 998 μετὰ
941 916 1060 982 εἰκάδα.

254 1027 345 1091 Haec
372 1026 482 1092 omnia
509 1035 636 1092 tantum
663 1026 756 1092 abest
784 1036 820 1091 ut
848 1026 890 1090 ad
925 1021 1106 1092 extremum
1135 1026 1318 1092 Alexandri

167 1136 317 1202 morbum
339 1147 487 1223 spectent
509 1147 546 1202 ut
567 1159 677 1223 regem
700 1138 823 1224 optima
852 1136 1042 1202 valetudine
1070 1137 1233 1202 fruentem
1258 1137 1317 1202 sed

167 1269 282 1332 parum
305 1256 398 1312 caute
421 1257 565 1314 utentem
588 1247 776 1312 exhibeant.
814 1246 912 1314 Unde
933 1249 1143 1335 perspicuum
1158 1248 1195 1313 fit
1209 1247 1317 1313 diaria

166 1357 223 1422 illa
245 1359 336 1444 regia
364 1379 429 1422 non
456 1358 499 1422 ad
522 1357 626 1424 solum
649 1367 832 1423 extremum
852 1356 1035 1424 Alexandri
1057 1358 1147 1424 vitae
1170 1359 1327 1446 spatium·

167 1470 373 1555 pertinuisse.
410 1470 517 1554 igitur
545 1468 634 1556 quod
656 1469 817 1534 Arrianus
840 1478 872 1534 et
894 1467 1088 1534 Plutarchus
1111 1469 1146 1532 in
1169 1469 1318 1552 epheme-

166 1579 294 1644 ridibus
318 1579 532 1667 excerpendis
554 1579 596 1644 ab
619 1558 731 1644 eodem
755 1579 810 1644 die
833 1580 942 1646 exorsi
965 1588 1054 1661 sunt,
1078 1579 1113 1644 id
1135 1579 1176 1645 ab
1200 1601 1313 1644 earum

167 1699 283 1755 natura
303 1699 336 1755 et
357 1691 484 1755 ambitu
504 1691 610 1778 repeti
630 1691 758 1778 nequit,
783 1689 840 1754 sed
863 1689 1025 1754 communi
1048 1689 1177 1756 cuidam
1200 1710 1313 1756 secun-

168 1800 261 1867 dario
285 1801 369 1866 fonti
392 1823 456 1886 quo
478 1802 530 1865 usi
553 1811 629 1867 sunt
651 1800 862 1866 tribuendum
885 1810 945 1866 est.

252 1911 298 1976 At
325 1910 379 1974 hie
407 1910 480 1976 fons
509 1912 565 1998 qui
593 1912 691 1977 fuerit
720 1913 907 1977 coniectura
928 1913 1059 1998 assequi
1081 1913 1140 1976 vix
1163 1912 1314 1999 cuiquam

167 2021 345 2107 continget.
383 2021 480 2086 Certe
508 2043 613 2107 neque
635 2021 841 2088 Ptolemaeus
869 2042 975 2108 neque
997 2021 1210 2088 Aristobulus
1239 2022 1314 2106 fuit,

166 2155 240 2198 oum
262 2133 421 2197 Arrianus
445 2134 610 2219 excerptis
634 2133 702 2197 suis
726 2155 767 2198 ex
790 2132 904 2196 diariis
927 2132 1028 2199 addat
1049 2131 1130 2197 haee
1153 2133 1188 2217 7,
1211 2133 1270 2215 26,
1294 2135 1314 2198 3

166 2245 206 2309 οὐ
230 2243 342 2324 πόρρω
365 2246 401 2308 δὲ
423 2244 550 2309 τούτων
574 2243 649 2308 οὔτε
671 2244 905 2329 Ἀριετοβοάλῳ
929 2244 1004 2309 οὔτε
1019 2243 1211 2329 Πτολεμαίῳ
1234 2244 1314 2310 ἀνα·

165 2354 350 2433 γέγραπται.
388 2352 493 2416 Ιιιτιττο
508 2362 621 2440 aperte
641 2362 767 2439 pugnat
782 2352 992 2420 Aristobulus
1008 2363 1120 2418 eontra
1135 2353 1313 2419 diariorum

164 2463 364 2529 memoriam.
403 2462 498 2552 Quae
521 2485 595 2527 cum
617 2463 761 2530 referant
776 2462 1006 2530 Alexandrum
1028 2464 1151 2529 obiisse
1172 2472 1210 2550 τῇ
1226 2468 1312 2551 τρίτῃ

164 2575 339 2656 φθίνοντοε
361 2573 444 2658 [scil.
468 2575 602 2642 Aculeo
625 2576 755 2660 μηνόε],
779 2596 872 2642 secus
897 2573 1107 2642 Aristobulus
1129 2573 1218 2662 apud
1234 2574 1309 2641 Plu·

165 2684 330 2750 tarchum:
1063 2670 1070 2686 ’

109 2840 146 2889 66
208 2794 293 2860 Plut.
318 2795 415 2860 Alex.
440 2796 480 2861 75
503 2804 587 2860 extr.
625 2797 865 2878 Ἀριετόβουλοε
893 2798 929 2862 δέ
956 2818 1052 2880 φηειν
1075 2797 1177 2866 αὐτὸν
1199 2799 1312 2878 πυρέτ-

367 2927 466 2973 τοντα
499 2911 639 2987 μανικῶε
667 2907 847 2988 διψήεαντα
879 2910 915 2974 δὲ
943 2909 1068 2990 εφόδρα
1095 2912 1179 2975 πιεῖν
1208 2909 1311 2976 αἶνον.

367 3019 402 3082 ἐκ
434 3017 552 3084 τούτου
580 3021 616 3084 δὲ
644 3018 841 3100 φρενιτιάεαι
873 3019 923 3085 καὶ
955 3021 1134 3098 τελευτῆεαι
1170 3019 1312 3100 τριακάδι

369 3128 505 3195 Δαιείου
527 3129 637 3208 μηνόε.
1149 3137 1154 3150 ’

249 3238 364 3325 ltaque
380 3259 437 3302 seu
452 3236 592 3302 velimus
617 3260 674 3304 seu
689 3237 828 3305 nolimus
843 3241 878 3303 in
893 3239 943 3303 his
959 3238 1234 3327 acquiescendum
1250 3250 1310 3306 est.

248 3348 441 3414 Plutarchus
456 3358 564 3413 autem
585 3350 734 3436 quamvis
750 3352 940 3437 ceteroquin
955 3350 1095 3416 Arriano
1116 3350 1151 3416 in
1167 3351 1308 3415 conseri-

164 3459 271 3524 benda
290 3480 400 3524 rerum
421 3461 578 3526 memoria
599 3461 732 3526 minime
748 3460 865 3526 similis
881 3462 934 3544 sit,
950 3470 1060 3526 tamen
1075 3461 1109 3524 in
1124 3459 1310 3526 Alexandri

162 3571 233 3635 vita
255 3592 318 3657 quo
340 3571 374 3633 in
397 3592 494 3657 opere
517 3569 611 3635 solito
634 3572 794 3657 integrior
817 3582 849 3636 et
871 3572 975 3656 magis
992 3570 1179 3658 probandus
1195 3582 1310 3637 auctor

163 3681 193 3744 ei
209 3681 392 3768 suppetisse
407 3679 554 3764 videtur,
578 3703 642 3746 non
666 3683 699 3746 in
716 3681 785 3746 sola
807 3681 863 3745 illa
880 3704 922 3746 ex
938 3681 1052 3746 diariis
1068 3682 1169 3768 regiis
1192 3683 1310 3748 hausta

162 3792 348 3857 narratione
379 3815 452 3857 oum
480 3783 622 3858 Arriano
651 3792 828 3880 conspirat.
877 3793 961 3859 Sunt
992 3791 1049 3857 alii
1084 3815 1213 3881 quoque
1247 3793 1309 3859 loci

162 3901 282 3988 quibus
308 3912 444 3990 uterque
472 3904 612 3990 scriptor
639 3904 814 3968 manifesto
843 3903 958 3970 eodem
980 3913 1113 3970 auctore
1138 3928 1217 3970 usus
1243 3913 1308 3971 cst:

107 4057 143 4105 st
204 4012 279 4079 Arr.
295 4016 326 4097 4,
343 4014 395 4097 87,
414 4016 430 4078 1
447 4017 526 4082 ἔνθα
547 4018 586 4096 δὴ
610 4017 660 4082 καὶ
681 4016 719 4080 τὸ
744 4017 876 4082 Κλείτου
898 4021 956 4083 τοῦ
979 4017 1159 4098 Δρωπίδου
1180 4016 1310 4096 πάθημα
1375 4019 1378 4024 ’

365 4127 414 4191 καὶ
446 4129 505 4206 nir
533 4126 744 4207 Ἀλεξάνδρου
775 4126 830 4191 ἐπ’
863 4126 950 4212 αὐτῷ
979 4127 1163 4210 ξυμφοράν,
1199 4126 1226 4192 εἰ
1258 4129 1310 4194 καὶ

366 4237 477 4314 ὀλίγον
500 4238 633 4319 ὕετεραν
657 4237 814 4320 ἐπράχθη,
843 4237 904 4303 οὐκ
925 4237 987 4303 ἔξω
1009 4241 1067 4302 τοῦ
1089 4241 1202 4318 καιροῦ
1225 4238 1308 4319 άφη-

365 4349 508 4428 γήεομαι.
