3160 5100
619 381 831 444 ..35..

138 553 348 630 παραγγεῖλαι
371 553 406 616 δὲ
429 553 479 616 καὶ
501 554 570 616 τοῑε
586 551 699 630 ἡγεμό-
757 561 758 564 ’

138 683 185 728 ειν
223 661 400 740 άπαντῆται
444 661 554 726 ἕωθεν.
602 664 700 724 ταῦτα

136 773 301 852 πράξαντα
316 775 479 850 δειπνῆεαι
496 771 617 847 ὀλίγον.
645 791 698 835 κο-

137 883 284 963 μιεθέντα
306 884 342 946 δὲ
365 881 454 946 αύθιε
476 881 509 946 έε
526 883 585 960 τὴν
601 880 697 959 καμά-

138 1013 198 1072 ραν
215 994 379 1073 πυρὲεεειν
396 993 456 1070 ἤδη
478 996 618 1070 ξυνεχῶς
639 993 698 1070 τὴν

136 1103 235 1169 νύκτα
257 1102 346 1184 ὅλην.
585 1103 591 1114 ”

179 1235 208 1276 a.
224 1213 255 1278 5.
285 1220 329 1297 τῇ
352 1215 393 1278 δὲ
415 1211 601 1295 ύετεραίᾳ
624 1211 698 1276 λού-
793 1234 825 1297 p.
841 1212 871 1276 3.
898 1213 944 1296 Τῇ
967 1212 1091 1277 εἰκάδι
1113 1212 1309 1292 λουεάμενοε

137 1328 243 1389 εαεθαι
280 1324 330 1388 καὶ
368 1322 566 1403 λουεάμενον
600 1325 697 1387 θύται.
752 1324 849 1388 πάλιν
893 1324 984 1388 έθυεε
1031 1325 1089 1401 τὴν
1137 1323 1311 1403 εἰθιεμένην

138 1422 299 1515 Νεάρχῳ
332 1435 368 1498 δὲ
401 1435 452 1498 καὶ
485 1435 554 1496 τοῖε
587 1431 698 1496 ἄλλοι(
749 1434 858 1498 θυείαν
885 1435 935 1498 καὶ
962 1434 1186 1514 κατακείμενα(
1208 1434 1243 1498 ἐν
1266 1441 1311 1516 τῷ

136 1544 266 1625 ἡγεμότι
301 1546 512 1623 παραγγεῖλαι
544 1542 583 1607 τὰ
615 1541 698 1622 ἀμφὶ
750 1547 907 1622 λουτρῶνι
935 1547 1004 1609 τοῑε
1037 1531 1111 1623 περλ
1134 1543 1310 1622 Νέαρχον

136 1657 194 1721 τὸν
221 1658 326 1722 πλοῦν
355 1653 445 1717 ὅπωε
467 1653 551 1717 έεται
575 1653 608 1716 ἑτ
632 1653 695 1731 τρί-
749 1655 918 1735 έτχόλοιζεν
942 1655 1149 1735 άκροιύμενοε
1176 1655 1217 1718 τὰ
1239 1654 1312 1732 περὶ

135 1785 192 1844 την
215 1765 344 1845 ἡμέραν.
417 1789 418 1792 ’
747 1768 805 1831 τὸν
842 1769 947 1831 πλοῦν
983 1767 1035 1830 καὶ
1070 1767 1128 1844 τὴν
1170 1763 1310 1844 μεγάλην

749 1877 918 1942 θάλατταν.

178 2008 208 2048 a.
224 1985 254 2050 6.
285 1986 336 2068 Τῇ
359 1987 399 2051 δὲ
421 1984 696 2068 ὑετεραὶᾳλού-
791 2009 823 2072 p.
839 1986 869 2050 4.
899 1987 944 2070 Τῇ
972 1987 1114 2070 δεκάτῃ
1143 1987 1310 2066 φθίνον-

137 2101 244 2162 εαεθαι
291 2095 381 2160 αὖθι(
429 2097 479 2160 καὶ
525 2099 613 2160 θύται
658 2095 697 2158 τά
749 2117 815 2162 τοε
831 2096 930 2163 ταύτά
945 2098 1079 2176 ποιήεαε
1098 2099 1223 2175 μᾶλλον
1239 2095 1311 2164 ἀνε-

136 2206 328 2288 τεταγμένα,
344 2207 447 2271 καὶτὰ
462 2206 533 2285 ἱερὰ
549 2205 697 2270 ἐπιθέντα
749 2208 873 2290 φλέχθη
896 2209 947 2272 καὶ
974 2209 1031 2287 τὴν
1060 2207 1158 2272 νύκτα
1188 2207 1311 2288 βαρέωε

137 2317 243 2382 οὐκέτι
287 2317 446 2382 έλιννύειν
489 2315 696 2395 πυρέεεοντα.
748 2320 831 2400 έεχε,
914 2334 915 2337 ’

137 2427 277 2492 ἀλλὰκαὶ
285 2428 331 2491 ὣε
343 2428 419 2491 τοὺ(
430 2427 589 2507 ἡγεμόνα(
599 2425 697 2491 εἰεκα-
710 2493 711 2496 γ

138 2538 273 2603 λέεαντα
296 2538 530 2619 παραγγέλλειν
556 2536 595 2601 τὰ
617 2537 699 2616 πρὸ(

136 2649 195 2712 τόν
219 2648 360 2714 ἔκπλουν
383 2648 474 2713 δ’πιυε
501 2645 588 2731 αὐτῷ
616 2646 700 2712 ἔεται

138 2757 259 2838 ἕτοιμα.
301 2759 472 2832 λούεαεθαί
505 2778 539 2822 τε
572 2757 624 2822 ἐπὶ
662 2763 699 2840 τῇ

137 2869 255 2952 ἑεπέρᾳ
298 2870 350 2933 καὶ
396 2869 595 2946 λουεάμενον
639 2868 700 2946 ἤδη

139 2980 225 3059 ἔχειν
248 2984 364 3044 κακῶε.

179 3111 208 3158 υ.
226 3090 255 3154 7.
285 3095 328 3174 τῇ
349 3089 591 3173 δὲὺττεραίᾳ
607 3108 698 3168 μετα·
793 3115 825 3178 p.
848 3092 879 3155 5.
924 3091 975 3155 καὶ
1016 3092 1085 3168 τὴν
1122 3091 1312 3156 έπιοῦεαν

138 3205 321 3280 κομιεθῇναι
354 3201 386 3266 ἐτ
419 3201 477 3278 τὴν
511 3199 612 3264 οἰκίαν
640 3200 698 3277 τὴν
750 3205 871 3283 ἡμέραν
900 3201 1052 3280 ἐπύρεττε
1081 3201 1214 3281 εφόδρα.
1258 3201 1313 3264 Καὶ

136 3312 220 3388 Πρὸ(
263 3316 301 3394 Τῇ
346 3309 601 3393 Κολυμβύθθᾳ
648 3310 700 3373 καὶ
751 3313 914 3394 μεταρθεὶε
941 3311 1101 3376 κατέκειτο
1135 3311 1224 3389 παρὰ
1255 3312 1312 3389 τὴν

137 3425 226 3487 θύται
241 3423 299 3501 μὲν
313 3422 353 3486 τά
367 3421 558 3502 τεταγμένα,
582 3419 699 3499 έχοντα
750 3424 890 3506 μεγάλην
928 3423 1221 3503 κολυμβήθραν,
1259 3419 1313 3484 ὅτε

136 3532 173 3595 δὲ
184 3533 337 3611 πονήρως
349 3530 437 3610 ὅμωε
449 3531 621 3596 εὶτκαλέται
632 3537 698 3596 τῶν
751 3538 789 3616 δὴ
817 3538 885 3600 τοῖε
915 3533 1044 3614 ἡγεμότι
1072 3532 1218 3611 διελέχθη
1240 3533 1314 3610 περὶ

135 3641 306 3722 ἡγεμόνων
339 3643 415 3707 τοὺ(
438 3642 699 3720 ἐπικαιροτάτουε
750 3651 815 3713 τῶν
838 3646 966 3725 ἐρήμων
988 3642 1159 3723 ἡγεμονία(
1179 3642 1313 3722 τάξεων,

136 3753 190 3817 καὶ
216 3751 297 3833 ὑπὲρ
326 3755 384 3816 τοῦ
412 3755 497 3818 πλού
528 3750 617 3817 αύθιε
639 3771 698 3815 πα·
751 3756 841 3820 ὅπωε
877 3753 1090 3832 καταττήευιει
1125 3753 1313 3834 δοκιμάεαν·

139 3864 338 3942 ραγγέλλειν.
752 3887 813 3931 τεε.
1179 3883 1181 3886 ·

181 3993 211 4036 a.
228 3971 258 4037 8.
287 3980 331 4058 τῇ
361 3976 403 4040 δὲ
425 3973 588 4057 έπιούεῃ
611 3973 701 4054 μόγιε
795 3975 902 4040 Unius
931 3973 998 4038 diei
1025 3974 1150 4039 notatio
1183 3972 1315 4036 videtur

139 4084 358 4178 έκκομιεθῆναι
384 4087 468 4164 πρδε
497 4087 536 4150 τὰ
557 4084 628 4163 ἱερά
650 4085 702 4148 καὶ
753 4087 873 4153 omissa
885 4106 966 4167 esse,
986 4083 1055 4147 scil.
1074 4090 1111 4167 τῇ
1126 4083 1227 4167 ὀγδόῃ
1240 4083 1312 4164 φθί-

139 4198 240 4280 θῦεαι,
265 4197 317 4261 καὶ
338 4196 437 4276 μηδὲν
460 4198 550 4276 μεῖον
574 4197 621 4260 ἔτι
642 4215 703 4259 τια-
755 4218 880 4264 νοντοτ.
908 4195 965 4259 ubi
986 4194 1028 4257 cf.
1050 4193 1159 4257 Ideler
1174 4192 1264 4256 Hdb.
1281 4192 1313 4256 d.

140 4307 328 4385 ραγγέλλειν
351 4306 432 4384 ὑπὲρ
454 4310 512 4370 τού
535 4308 618 4371 πλού
634 4309 703 4371 τοῖε
756 4304 909 4370 Chronol.
927 4305 941 4366 1
960 4325 1014 4389 pg.
1030 4304 1104 4368 281.
1127 4303 1216 4368 KF.
1230 4302 1313 4366 Her-

139 4417 297 4498 ἡνεμόειν.
755 4439 853 4481 mann
876 4413 1029 4479 Gott'esd.
1054 4413 1159 4478 Altth.
1180 4415 1238 4496 45,
1264 4414 1313 4478 12.

1075 4535 1110 4585 3*
