3160 5100
506 367 868 453 ’Ἁ-νν-

186 556 478 622 Eratosthenes
495 566 545 623 ter
560 555 687 623 tanturn
702 559 894 624 nominatim
908 561 1041 644 citatur,
1059 583 1141 646 quae
1152 561 1335 647 fragmenta

187 689 230 731 ex
260 665 497 754 Geographicis
526 691 675 762 manasse
704 679 957 736 consentaneum
988 681 1047 749 est.
1105 673 1137 736 A
1159 670 1334 738 Plutarcho

186 787 295 844 autem
317 778 413 844 Alex.
436 780 472 862 3,
495 778 516 843 2
537 778 743 853 idemtcstis
765 779 940 846 adhibetur
962 779 1150 846 historiolae
1172 803 1270 869 quam
1291 783 1333 847 ab
1365 850 1368 854 ,

186 889 406 954 Eratosthene
426 898 590 955 narratam
614 912 684 957 esse
707 892 766 956 vix
789 890 994 958 crediderim.
1032 891 1144 958 Verba
1166 892 1334 958 Plutarchi

187 1000 268 1064 haec
289 1008 380 1066 sunt:
1347 1081 1351 1090 .

136 1106 169 1155 ⁵⁶
231 1109 315 1176 Plut.
346 1110 444 1177 Alex.
473 1113 511 1196 3,
540 1112 571 1175 2.
610 1111 653 1176 cf.
686 1112 881 1200 Bernhardy
916 1092 1165 1179 Eratosthenica
1197 1137 1229 1200 p.
1250 1094 1333 1180 945.

391 1221 572 1288 OMueller
594 1224 635 1288 fr.
651 1223 766 1288 chron.
788 1246 843 1310 pg.
865 1224 929 1288 202
952 1225 1014 1289 No.
1041 1224 1089 1289 16.
1120 1227 1198 1306 ἡδὲ
1219 1227 1333 1307 Ὀλυμ·
1367 1249 1369 1256 ’

390 1334 480 1418 πιάε,
518 1334 563 1401 ὼε
599 1335 823 1416 Ἐρατοεθένηε
866 1337 956 1418 φηεί,
998 1337 1233 1417 προπέμποοεα
1275 1338 1333 1403 τὸν

390 1446 601 1525 Ἀλέξανδρον
624 1446 677 1512 ἐπὶ
697 1449 755 1526 τὴν
778 1447 942 1525 ετρατείαν
965 1447 1015 1512 καὶ
1030 1447 1176 1529 φράεαεα
1191 1447 1281 1532 μόνῳ
1296 1448 1333 1512 τὸ

356 1609 358 1612 .
391 1557 463 1636 περὶ
481 1558 538 1638 τήν
554 1557 706 1624 τέκνωειν
722 1557 925 1640 ἀπόρρητον,
948 1557 1094 1623 ἐκέλευεν
1110 1557 1181 1625 ἄξια
1196 1561 1333 1638 φρονεῖν

390 1671 445 1748 τῆε
467 1667 632 1743 γενέεεωε,
670 1669 794 1748 Ἕτερον
823 1667 860 1732 δέ
882 1688 979 1750 φαειν
1002 1667 1101 1748 αὐτὴν
1125 1667 1334 1751 ἀφοειοῦεθαι

390 1780 441 1844 καὶ
464 1779 583 1855 λέγειν·
613 1777 659 1843 οὐ
681 1777 832 1844 παύεεταί
860 1799 897 1859 με
920 1778 1103 1860 διαβάλλων
1125 1779 1335 1859 Ἀλέξανδροε

390 1889 473 1969 πρὸ(
494 1889 553 1968 τὴν
569 1889 688 1968 Ἥραν;
711 1888 866 1968 ἐγεννήθη
888 1889 916 1953 δ’
940 1889 999 1955 οὖν
1021 1890 1230 1970 Ἀλέξανδροε
1251 1888 1333 1954 icru-

390 1999 490 2079 μένου
517 2000 618 2079 μηνόε
639 1997 929 2081 Ἑκατομβαιῶνοε,
960 2000 1000 2066 ὃν
1024 1999 1210 2067 Μακεδόνεε
1238 1999 1333 2065 Λῶον

390 2111 556 2192 καλοῡειν,
580 2110 668 2194 ἕκτῃ,
685 2109 753 2175 καθ’
768 2110 808 2188 ἣν
823 2109 944 2192 ἡμέραν
960 2111 978 2176 ὁ
1000 2113 1056 2190 nic
1072 2110 1215 2191 Ἐφεείαε
1230 2109 1333 2190 Ἀρτέ-

389 2223 480 2300 μιδοε
502 2218 679 2301 ἐνεπρήεθη
702 2221 795 2286 νεώε.

188 2329 344 2395 Consulto
368 2351 405 2393 ea
427 2329 526 2394 etiam
548 2329 710 2417 adscripsi
738 2351 821 2416 quae
848 2331 997 2416 proxime
1019 2328 1061 2394 ab
1085 2329 1334 2394 Eratosthenico

186 2440 370 2525 fragmento
385 2439 516 2511 absunt.
545 2440 695 2526 Namque
710 2440 925 2526 paucissimas
937 2440 1163 2504 Eratosthenis
1177 2439 1333 2526 reliquias

187 2571 270 2636 quae
292 2549 521 2616 Alexandrum
548 2551 704 2636 Magnum
733 2558 881 2637 spectant
908 2552 937 2615 si
964 2549 1140 2634 diligenter
1171 2549 1334 2613 examina·

186 2662 274 2726 vcris
291 2662 399 2724 omnia
414 2660 544 2726 videbis
560 2661 595 2724 in
607 2659 844 2748 Geographicis
856 2660 1083 2726 Eratosthenis
1099 2670 1212 2748 aptum
1227 2658 1333 2724 locum

186 2771 350 2836 habuisse.
386 2770 492 2837 Multo
514 2773 622 2838 minus
644 2780 721 2860 apte
748 2770 910 2838 eiusmodi
931 2770 1206 2836 narratiunculam
1235 2771 1331 2836 docto

186 2890 218 2947 et
233 2881 335 2948 sobrii
349 2881 465 2946 iudicii
480 2883 551 2948 viro
567 2883 790 2948 tribuerimus.
822 2880 934 2962 Quare
949 2881 1058 2968 siquid
1074 2882 1173 2947 video
1188 2889 1244 2946 aut
1259 2881 1333 2946 Plu·

185 2991 290 3058 tarchi
311 3000 368 3057 aut
391 2993 461 3056 eius
478 3014 541 3079 quo
557 2994 660 3057 utitur
675 2993 816 3058 auctoris
833 3015 942 3058 errore
956 2992 1080 3058 factum
1096 3013 1168 3057 esse
1189 2999 1332 3056 statuen-

187 3101 265 3167 dum
288 3110 338 3168 est
344 3152 354 3186 ‚
377 3110 414 3167 ut
429 3102 657 3168 Eratosthenis
680 3104 903 3180 testimonium
926 3103 1013 3190 quod
1036 3109 1199 3190 spectaret
1224 3101 1333 3187 potius

188 3213 233 3277 ad
254 3212 341 3278 diem
363 3212 505 3277 natalem
527 3213 711 3279 Alexandri
733 3214 862 3300 Magni,
885 3212 1042 3277 videlicet
1064 3212 1105 3277 ad
1128 3210 1229 3278 verba
1251 3233 1333 3298 quae

185 3331 262 3388 sunt
294 3324 449 3405 ἐγεννήθη
478 3324 507 3391 δ’
534 3323 594 3390 οὖν
622 3324 831 3405 Ἀλέξανδροε
859 3332 950 3405 cett,
987 3322 1064 3387 sede
1092 3330 1216 3388 mutata
1248 3322 1334 3385 inter

184 3432 412 3498 antecedentia
434 3434 536 3499 verba
557 3435 731 3522 irreperet.
768 3434 922 3499 Errorem
945 3455 987 3499 ex
1009 3430 1199 3499 confusione
1220 3431 1333 3519 Olym-

184 3543 292 3631 piadis
307 3545 421 3609 matris
437 3544 621 3610 Alexandri
642 3568 714 3610 cum
737 3544 925 3634 olympiade
940 3568 1004 3632 qua
1018 3553 1114 3610 natus
1130 3544 1173 3609 sit
1188 3543 1333 3608 Alexan·

185 3653 242 3719 der
265 3654 408 3721 notanda
435 3677 585 3721 manasse
612 3659 769 3743 suspicor.
814 3657 946 3722 Etenim
974 3664 1114 3738 constat,
1144 3653 1334 3718 Eratosthe-
1395 3723 1399 3731 ⁸

184 3787 259 3828 nem
293 3773 482 3853 temporum
523 3765 746 3831 notationibus
790 3769 888 3830 etiam
925 3765 1147 3852 olympiadum
1182 3785 1333 3829 numeros

184 3876 344 3941 adiecisse
372 3875 462 3941 velut
491 3874 577 3941 Plut.
601 3877 683 3964 Lyc.
710 3878 743 3962 13
771 3876 870 3942 Dion.
901 3875 1009 3940 Halic.
1032 3875 1120 3940 arch.
1147 3878 1178 3957 1,
1209 3875 1251 3940 74
1277 3896 1331 3960 pg.

192 3987 262 4052 187.

269 4098 357 4163 Casu
380 4099 478 4164 etiam
499 4100 581 4165 alter
603 4099 693 4166 locus
717 4121 780 4186 quo
803 4100 1038 4190 Eratosthenes
1061 4120 1081 4161 a
1101 4095 1275 4162 Plutarcho
1298 4096 1332 4158 in

185 4209 255 4272 vita
277 4207 460 4274 Alexandri
488 4211 609 4276 citatur
637 4211 684 4275 ita
712 4219 914 4295 comparatus
944 4218 1010 4290 est,
1039 4218 1076 4271 ut
1103 4205 1203 4270 simili
1231 4206 1331 4271 medi-

185 4320 258 4383 cina
272 4341 354 4406 opus
370 4320 424 4383 sit.
461 4319 508 4384 lbi
524 4320 720 4387 Plutarchus
735 4330 912 4405 sanequam
926 4317 1099 4382 ridiculam
1115 4317 1217 4382 refert
1231 4317 1331 4383 histo-

183 4430 281 4514 riam,
305 4428 462 4515 singulari
485 4434 660 4501 certamine
675 4433 766 4499 iussu
782 4430 965 4496 Alexandri
988 4437 1146 4495 certatum
1163 4451 1233 4494 esse
1248 4429 1332 4494 inter
