3160 5100
702 363 909 426 „55-

236 558 299 622 quo
322 537 523 621 compositus
552 544 618 616 est,
646 535 801 600 remotius
830 555 901 598 osse
924 532 982 602 vix
1006 554 1101 617 posse
1129 553 1213 595 anno
1239 530 1376 595 lervel

237 647 297 710 196
319 668 382 732 quo
404 645 655 711 Eratosthenem
677 645 797 709 obiisse
819 644 949 708 scimus.

317 758 410 822 Unus
434 766 583 842 superest
603 754 695 820 locus
718 776 780 840 quo
797 754 956 819 Arrianus
980 754 1061 819 duos
1083 762 1231 818 auctores
1246 752 1310 818 huc
1324 775 1375 818 us·

234 889 297 952 que
318 890 384 932 non
406 875 566 933 tractatos
588 867 745 931 nominat.
773 862 938 929 Videlicet
959 873 1134 951 postquam
1157 863 1267 930 rotulit
1288 862 1375 948 lega-

235 985 286 1042 tos
308 977 452 1062 undiquc
475 975 700 1041 Alexandrum
721 975 930 1059 convenisse,
953 975 1060 1058 pergit
1082 973 1144 1038 ita:
1210 1029 1211 1036 ,

184 1113 217 1162 34
279 1067 354 1152 Arr.
380 1089 413 1169 7,
440 1089 493 1168 15,
515 1085 536 1148 5
557 1088 703 1166 Ἄριττοε
725 1090 761 1152 δέ
782 1088 832 1152 καὶ
847 1086 1073 1165 Ἀεκληπιάδηε
1094 1092 1161 1151 τῶν
1175 1086 1215 1150 τὰ
1230 1085 1375 1153 Ἀλεξάν-

437 1202 518 1278 δρου
554 1197 814 1276 ἀναγραψάντων
850 1198 902 1262 καὶ
934 1197 1109 1276 Ῥωμαίου(
1142 1196 1288 1273 λέγουειν
1325 1195 1375 1261 ὅτι

438 1309 656 1388 ἐπρέεβευεαν.
693 1308 745 1373 καὶ
765 1308 943 1387 ἐντυχόντα
957 1309 1025 1372 ταῑε
1039 1305 1215 1386 πρεεβείαιε
1230 1305 1374 1372 Ἀλέξαν-

438 1424 518 1498 δρον
546 1418 626 1498 ὑπὲρ
649 1418 816 1497 Ῥωμαίων
842 1439 871 1482 τι
899 1421 955 1495 τῆ(
977 1417 1010 1482 ἐε
1032 1417 1069 1482 τὸ
1092 1415 1200 1481 ἔπειτα
1223 1415 1375 1496 ἐεομένηε

437 1527 605 1608 δυνάμεωε
626 1530 870 1608 μαντεόταεθαι,
893 1528 950 1593 τόν
973 1549 1007 1592 τε
1030 1527 1147 1605 κόομον
1162 1530 1229 1592 τῶν
1245 1526 1374 1606 ἀνδρῶν

436 1638 547 1704 ἰδόντα
569 1639 678 1704 καὶτὸ
701 1638 886 1719 φιλόπονόν
909 1659 942 1702 τε
965 1639 1015 1702 καὶ
1032 1638 1213 1716 ἐλευθέριον
1237 1639 1288 1702 καὶ
1301 1637 1374 1715 περὶ

436 1753 495 1813 τοῦ
510 1747 742 1829 πολιτεύματα(
758 1749 821 1828 ἅμα
836 1749 1144 1826 διαπυνθανόμενον.
1167 1747 1202 1828 6)
1213 1727 1372 1814 ιταλτοῦτο

437 1859 511 1924 οὔτε
534 1859 578 1923 ὼε
601 1858 729 1937 άτρεκέε
751 1858 826 1923 οὔτε
849 1859 894 1923 ὼε
916 1858 1049 1924 άπιετον
1071 1858 1173 1936 πάντη
1195 1857 1373 1936 ἀνέγραψα.

436 1971 521 2048 πλήν
541 1990 578 2045 γε
600 1971 639 2048 δὴ
663 1969 737 2033 οὔτε
759 1989 805 2033 τιτ
827 1969 990 2048 Ῥωμαίων
1019 1969 1100 2046 ὑπὲρ
1126 1971 1181 2046 τῆ(
1209 1969 1375 2047 πρετβείαε

436 2080 552 2159 ταύτης
575 2079 620 2144 ὼε
642 2080 729 2158 παρά
745 2079 956 2159 Ἀλέξανδρον
972 2080 1131 2157 εταλείεητ
1146 2078 1269 2157 μνήμην
1285 2077 1373 2142 ἐποι-

436 2189 532 2266 ήεατό
561 2209 631 2253 τινα
638 2237 647 2270 ,
676 2189 750 2254 οὔτε
777 2195 843 2254 τῶν
872 2190 911 2253 τά
932 2188 1142 2266 Ἀλεξάνδρου
1164 2187 1373 2269 γραψάντων,

436 2297 486 2362 οῖε
521 2319 578 2363 τιτι
611 2300 733 2378 μᾶλλον
766 2299 829 2375 ἐγὼ
866 2299 1081 2380 ξυμφέρομαι,
1116 2299 1319 2378 Πτολεμαῖοι
1352 2299 1371 2361 δ

434 2409 543 2485 Λάγου
565 2409 617 2474 καὶ
639 2408 888 2488 Ἀριετόβουλοτ.
926 2408 1003 2473 οὐδὲ
1024 2415 1069 2490 τῷ
1092 2407 1258 2488 Ῥωμαίων
1280 2413 1371 2473 πολι-

434 2519 561 2599 τεύματι
588 2516 735 2584 ἐπεοικὸε
761 2518 817 2601 ἦν,
845 2519 1004 2602 ἐλευθέρῳ
1031 2520 1070 2597 δὴ
1098 2517 1170 2582 τότε
1198 2518 1231 2583 ἐτ
1253 2519 1293 2584 τά
1314 2519 1371 2599 μά-

434 2633 529 2714 λιεται
544 2629 627 2712 ὄντι,
650 2629 738 2707 παρὰ
760 2628 887 2708 βαειλέα
908 2628 1114 2710 ἀλλόφυλον,
1137 2627 1244 2693 ἄλλωε
1265 2649 1300 2692 τε
1322 2629 1372 2693 καὶ

434 2740 467 2804 ἐτ
489 2739 623 2804 τοτόνδε
645 2738 711 2803 άπό
733 2742 789 2816 τῆ(
811 2738 927 2802 οἰκεία(
949 2742 1143 2821 πρεεβεῡεαι,
1167 2737 1241 2803 οὔτε
1263 2739 1371 2819 φόβου

434 2848 706 2925 ἐξαναγκάζοντοε
722 2848 798 2913 οὔτε
813 2849 885 2913 κατ’
907 2848 1021 2912 ἐλπίδα
1036 2847 1209 2930 ὠφελείατ,
1232 2848 1309 2927 μὶεει
1324 2869 1369 2930 τε,

434 2958 524 3037 εἴπερ
550 2960 647 3036 τινὰε
666 2958 801 3042 άλλουε,
827 2963 886 3024 τοῦ
908 2963 1099 3037 τυραννικοῦ
1121 2958 1236 3033 γένουε
1258 2980 1292 3023 τε
1320 2959 1372 3024 καὶ

433 3068 594 3150 ὀνόματοε
615 3070 861 3149 κατεχομένουε.
1297 3149 1299 3154 Ι
1328 3152 1331 3160 .

230 3175 269 3238 In
291 3179 497 3264 paragrapho
519 3179 540 3244 5
562 3201 643 3265 quae
667 3180 737 3244 sive
759 3177 801 3242 ab
817 3177 929 3242 Aristo
945 3177 1015 3243 sivo
1031 3179 1072 3242 ab
1088 3175 1284 3262 Asclepiade
1300 3186 1371 3243 tota

230 3284 367 3371 pendet,
404 3288 624 3355 Romanorum
661 3311 768 3352 rerum
800 3288 943 3352 studium
976 3284 1244 3373 deprehenditur,
1282 3286 1369 3352 unde

230 3395 361 3462 Aristus
378 3396 655 3484 Asclepiadosque
676 3399 810 3482 quinam
832 3398 954 3463 fuerint
975 3419 1103 3483 quoque
1118 3407 1263 3483 tempore
1279 3397 1367 3463 vixe-

229 3505 296 3570 rint
327 3506 515 3573 coniectura
554 3509 684 3593 assequi
721 3529 904 3592 possumus.
952 3508 1055 3572 Aristi
1085 3508 1233 3572 meminit
1272 3509 1370 3572 etiam

230 3615 348 3681 strabo
366 3617 421 3702 14,
444 3619 506 3682 osa
529 3619 579 3685 καὶ
601 3619 679 3698 μετὰ
700 3622 799 3682 ταυτα
820 3619 839 3697 ὴ
863 3618 997 3700 casuue
1029 3617 1075 3700 [in
1099 3617 1209 3702 cypro
1233 3601 1369 3700 inserar·

229 3726 304 3791 ὅθεν
327 3727 368 3806 ἦν
382 3729 526 3807 Ἄριετοε
547 3728 793 3808 δτυγγραφεύε.
831 3728 904 3809 Quo
927 3726 998 3793 loco
1022 3749 1096 3792 cum
1119 3726 1248 3809 Strabo,
1272 3749 1368 3812 quem

228 3836 316 3900 circa
337 3859 456 3901 annum
478 3839 519 3902 58
543 3861 572 3902 a.
596 3837 672 3903 Chr.
696 3846 808 3902 natum
830 3837 918 3901 circa
939 3859 1060 3901 annum
1081 3838 1123 3901 25
1138 3861 1170 3922 p.
1186 3836 1262 3901 Chr.
1286 3857 1368 3900 mor-

227 3954 332 4016 tuumx
353 3969 423 4011 esse
455 3950 619 4031 persuasit
647 3947 727 4011 mihi
755 3945 1002 4012 Hascnmuellor
1030 3947 1071 4012 dc
1099 3946 1270 4020 Strabonis
1298 3947 1368 4011 vita

227 4077 281 4141 pg.
303 4055 346 4120 20
361 4079 431 4142 sqq.
439 4105 448 4139 ‚
477 4056 668 4141 imperfecto
690 4059 730 4139 ἦν
753 4064 896 4142 tempore
918 4067 1045 4139 utatur,
1074 4079 1207 4121 necesse
1229 4064 1296 4138 est,
1326 4078 1365 4120 eo

227 4174 374 4250 tempore
406 4189 469 4251 quo
503 4167 634 4254 scripsit
665 4167 800 4248 Strabo,
838 4168 909 4233 vita
944 4169 1009 4231 iam
1043 4167 1232 4232 defunctum
1265 4166 1366 4230 fuisse

227 4274 387 4340 Aristum.
424 4277 599 4343 Manifesto
622 4285 732 4342 autem
755 4275 857 4341 falsus
881 4287 931 4342 est
953 4277 1168 4343 IGVossius
1191 4276 1267 4340 hist.
1282 4276 1363 4360 gul

226 4405 280 4469 pg.
306 4384 346 4449 96
373 4385 478 4450 West.
501 4385 587 4452 hunc
610 4386 758 4452 Aristum
783 4385 920 4451 cundem
942 4387 1045 4453 fuisse
1073 4397 1246 4453 autumans
1268 4394 1366 4470 etque
