3160 5100
511 685 744 752 Aristobulus
767 687 875 752 testis
897 687 1048 752 citatur.

158 856 189 903 33
251 840 326 904 Arr.
349 840 386 922 2,
409 841 445 922 3,
469 841 490 902 6
512 849 595 904 extr.
638 839 786 905 Aristob.
809 840 851 904 fr.
880 840 911 903 4.
956 841 1105 927 Exponit
1126 840 1287 906 Arrianus
1314 839 1356 903 de

75 931 79 938 ⁴
412 949 531 1014 Gordii
546 949 642 1014 nodo.
679 952 763 1031 πρὸ(
778 953 813 1016 δὲ
830 953 868 1028 δὴ
890 952 1016 1017 τούτοιε
1039 953 1090 1017 καὶ
1110 951 1186 1016 τόδε
1207 951 1280 1031 περὶ
1301 956 1357 1030 τῆε

413 1061 532 1140 ἁμάξητ
547 1061 728 1143 ἐμυθεύετο,
753 1060 837 1126 ὅττι(
852 1061 955 1126 λύεειε
977 1065 1036 1127 τοῦ
1052 1065 1150 1148 ζυγοῦ
1165 1065 1222 1140 τῆε
1236 1061 1355 1142 ἁμάξηε

410 1172 468 1236 τὸν
502 1171 635 1254 δεεμόν,
667 1175 785 1236 τοῦτον
818 1174 932 1250 χρῆναι
965 1171 1054 1251 ἄρξαι
1084 1175 1140 1250 τῆ(
1172 1171 1281 1237 'Acina
1313 1209 1356 1220 -

411 1281 619 1359 Ἀλέξανδροε
647 1283 683 1345 δὲ
706 1281 801 1345 -οἱ
829 1283 886 1361 μὲν
915 1281 1061 1355 λέγουειν
1090 1280 1140 1346 ὅτι
1167 1265 1281 1346 unicus
1307 1287 1354 1364 τῷ

410 1391 494 1470 ξίφει
522 1392 654 1478 διέκοψε
678 1392 736 1456 τὸν
751 1392 867 1470 δεεμὸν
882 1391 932 1455 καὶ
948 1390 1094 1456 λελύεθαι
1109 1390 1182 1471 ἔφη.
1219 1392 1355 1471 Ἀριετό-

411 1504 529 1580 βουλοε
552 1502 587 1565 δὲ
603 1501 688 1577 λέγει
711 1500 861 1568 ἐξελόντα
883 1501 941 1565 τόν
965 1500 1080 1579 ἕετορα
1100 1505 1160 1567 τοῦ
1179 1500 1293 1584 ῥυμοῦ,
1316 1502 1354 1567 ὃε

410 1610 450 1688 ἦν
482 1610 579 1675 τῦλοε
611 1611 860 1691 διαβεβλημένοε
893 1611 945 1674 διὰ
978 1613 1036 1674 τοῦ
1070 1609 1172 1690 ῥυμοῦ
1207 1611 1353 1694 διαμπάξ,

411 1721 554 1800 ξυνέχων
577 1721 789 1802 τὸνδεεμόν,
817 1720 978 1788 ἑξελκῦεαι
1001 1720 1064 1787 ἔξω
1087 1724 1147 1786 τοῦ
1171 1721 1274 1801 ῥυμοῦ
1296 1722 1354 1786 τὸν

409 1830 515 1906 ζυγόν.
545 1829 651 1893 Addit
666 1829 845 1912 Arrianus,
862 1828 975 1893 eodem
991 1830 1105 1914 opinor
1119 1838 1250 1895 auctore
1264 1851 1354 1912 usus,

412 1962 450 2003 ea
472 1948 565 2004 nocte
588 1939 731 2004 tonitrua
753 1948 786 2003 et
808 1938 940 2026 fulgura
961 1937 1135 2004 testificata
1156 1960 1244 2021 esse,
1270 1940 1354 2003 vati-

410 2050 533 2114 cinium
563 2070 633 2114 esse
662 2058 785 2132 ratum,
824 2071 925 2135 eaque
963 2049 1005 2114 de
1042 2070 1159 2114 caussa
1194 2048 1355 2136 postridie

409 2159 637 2227 Alexandrum
659 2159 711 2224 dis
734 2159 936 2226 sacrificasse
951 2181 1025 2223 cum
1039 2160 1082 2223 ob
1097 2159 1250 2245 prodigia
1265 2159 1354 2224 edita

401 2281 478 2356 tum
500 2271 541 2336 ob
563 2271 721 2337 rationem
744 2269 894 2334 solvendi
916 2268 995 2332 nodi
1017 2269 1225 2356 patefactam.

207 2385 296 2447 Haec
318 2385 427 2448 omnia
449 2383 642 2468 scriptorem
665 2381 890 2467 superstitioni
911 2381 1105 2444 obstrictum
1126 2381 1298 2467 rccipiunt,
1323 2390 1354 2444 et

205 2495 261 2580 qui
272 2493 384 2580 cupiat
396 2492 630 2574 demonstrare,
642 2489 868 2555 Alexandrum
877 2511 943 2553 non
953 2497 990 2553 ut
1000 2488 1244 2555 adulescentem
1255 2500 1353 2554 teme-

206 2604 329 2668 rarium
351 2602 409 2666 sed
431 2611 468 2666 ut
490 2602 596 2666 virum
619 2603 725 2686 egisse
747 2601 882 2667 deorum
897 2597 1002 2664 cultus
1018 2599 1353 2666 observantissimum.

155 2744 188 2791 34
249 2731 325 2794 Arr.
347 2730 384 2812 2,
407 2730 441 2811 4,
465 2731 483 2794 ‘l
507 2730 580 2794 init.
616 2728 764 2794 Aristob.
787 2727 828 2791 fr.
851 2728 880 2795 5.
917 2729 1127 2808 Ἀλέξανδροε
1149 2730 1202 2812 δὲ,
1226 2729 1271 2793 ὼε
1294 2731 1352 2809 μὲν

378 2870 379 2874 ’
409 2841 641 2923 Ἀριετοβούλῳ
664 2841 823 2916 λέλεκται,
847 2839 912 2904 ῦπὸ
934 2839 1077 2920 καμάτου
1097 2839 1263 2919 ἐνόεηεεν,
1288 2860 1354 2904 non

409 2959 445 3013 ut
467 2947 614 3035 plerique
636 2951 769 3013 tradunt
791 2947 880 3034 quod
902 2970 937 3012 se
959 2957 1164 3013 aestuantem
1186 2957 1218 3012 et
1234 2947 1352 3012 sudan-

409 3069 474 3122 tcm
497 3061 531 3123 in
547 3059 699 3145 Cydnum
722 3058 843 3124 flumen
865 3059 1050 3124 coniecerit.
1088 3059 1139 3122 Ac
1160 3059 1226 3122 nisi
1248 3057 1352 3139 fallor,

411 3170 462 3233 his
489 3169 629 3256 aliisque
651 3169 891 3234 narrationibus
914 3167 1104 3232 Aristobulo
1126 3168 1268 3255 propriis
1292 3168 1353 3231 hoc

410 3303 511 3344 unum
539 3280 747 3366 perspicuum
774 3280 826 3359 lit,
860 3280 1046 3364 respexisse
1073 3299 1147 3344 eum
1173 3279 1216 3342 ad
1243 3300 1352 3342 narra-

339 3373 341 3382 ’
410 3390 572 3454 tiunculas
601 3412 684 3476 quae
712 3392 778 3454 iam
800 3399 869 3454 tum
891 3411 964 3454 cum
987 3411 1068 3476 opus
1094 3411 1188 3454 suum
1210 3392 1350 3454 conscri-

409 3500 525 3583 bebat,
549 3502 620 3567 sive
642 3501 847 3566 sermonibus
870 3500 1185 3566 circumferebantur
1206 3501 1277 3564 sive
1299 3499 1351 3564 lit-

411 3612 490 3676 teris
501 3612 715 3676 tradebantur
728 3633 846 3696 easque
858 3619 895 3674 ut
905 3611 1096 3676 Alexandro
1108 3633 1223 3697 parum
1235 3610 1352 3695 dignas
1405 3664 1407 3670 .

411 3730 469 3785 aut
490 3723 590 3786 tacito
612 3731 670 3785 aut
692 3730 805 3808 aperte
828 3721 971 3784 refutare
994 3721 1168 3786 studuisse.

156 3849 191 3895 as
350 3833 387 3913 3,
411 3833 447 3915 3,
470 3833 501 3896 3.
539 3832 688 3897 Aristob.
715 3832 758 3896 fr.
781 3832 810 3896 8.
854 3833 957 3912 Μέχρι
984 3834 1041 3914 μὲν
1069 3835 1107 3912 δὴ
1134 3833 1353 3911 Παραιτονίου

410 3944 499 4023 παρὰ
521 3944 679 4009 θάλατταν
702 3945 750 4028 ᾔει
782 3944 827 4007 δι’
849 3943 986 4025 ἐρήμου,
1016 3943 1056 4008 οὐ
1079 3943 1187 4024 μέντοι
1209 3943 1254 4007 δι’
1276 3943 1352 4008 ἀνύ-

411 4060 492 4133 δρου
514 4059 571 4133 τῆε
593 4057 716 4134 χώραε,
740 4054 886 4120 <subiace
908 4053 942 4118 ἐε
957 4054 1079 4133 χιλίουε
1094 4053 1147 4117 καὶ
1160 4053 1351 4136 ἐξακοείουε,

411 4164 456 4228 ὼε
483 4165 569 4241 λέγει
597 4143 846 4245 Ἀριττόβουλοε.
883 4160 1109 4226 Aristobulum
1137 4183 1189 4224 res
1215 4183 1351 4247 geogra-

411 4273 525 4358 phicas
552 4276 791 4360 stationumque
820 4279 856 4336 ut
883 4272 974 4334 aiunt
996 4272 1103 4356 spatia
1124 4293 1163 4334 ac
1184 4294 1351 4338 mensuras

411 4404 525 4447 curare
547 4405 643 4471 saepe
666 4385 861 4450 videbimus,
