3160 5100
651 352 862 417 ..15..

388 524 534 587 oratione
562 523 723 586 indirecta
751 544 854 608 usque
882 519 924 586 ad
953 523 1051 587 finem
1080 523 1195 610 capitis
1218 543 1329 612 proce·

385 632 465 695 dant
487 633 546 696 vix
570 631 706 697 dubium
728 642 778 696 est
800 633 878 719 quin
901 632 1121 718 geographica
1143 633 1199 698 illa
1220 637 1329 700 omnia

386 763 428 805 ex
450 741 642 808 Aristobulo
664 743 878 808 manaverint.

129 904 162 951 41
226 879 300 941 Arr.
324 877 362 960 6,
385 878 444 960 28,
467 879 487 942 3
510 878 582 941 init.
621 875 767 941 Aristob.
791 876 831 941 fr.
854 878 906 943 36.
943 879 1105 944 Narratur
1132 878 1244 944 fabula
1272 879 1328 943 illa

384 986 426 1050 de
456 986 647 1051 Alexandro
676 988 710 1050 in
744 987 922 1052 Carmania
953 989 1015 1053 sub
1045 991 1153 1075 specie
1185 990 1328 1076 Dionysi

383 1097 606 1162 debacchante
636 1119 733 1182 quam
765 1099 926 1162 Arrianus
959 1121 1065 1185 neque
1096 1099 1185 1186 apud
1220 1099 1327 1164 Ptole·

383 1230 511 1272 maeum
543 1229 647 1293 neque
684 1205 773 1292 apud
806 1207 1033 1273 Aristobulum
1074 1220 1186 1274 extare
1224 1219 1326 1274 notat.

384 1320 468 1385 Ἀλλ’
495 1319 601 1383 ἐκεῖνα
623 1318 683 1397 ἤδη
705 1318 938 1402 Ἀριετοβούλιμ
961 1319 1119 1398 ἑπόμενος
1141 1322 1326 1400 ξυγγράφω,

384 1431 473 1495 cocu
496 1429 531 1494 ἐν
556 1427 716 1509 Καρμανίᾳ
738 1428 951 1507 Ἀλέξανδρον
978 1432 1161 1509 χαριετήρια
1183 1433 1239 1508 τῆ(
1260 1431 1328 1494 κατ’

384 1539 492 1604 Ἰνδῶν
515 1537 602 1617 νίκη(
625 1539 675 1601 καὶ
697 1538 778 1616 ὑπὲρ
800 1542 855 1617 τῆς
879 1543 1033 1622 croesus,
1057 1540 1105 1604 ὅτι
1129 1540 1277 1618 άπεεώθη
1293 1540 1328 1604 ἐκ

386 1649 583 1730 Γαδρωείων,
599 1649 650 1712 καὶ
673 1647 785 1724 ἀγῶνα
807 1651 962 1714 διαθεῖναι
984 1651 1135 1728 μουακάν
1158 1670 1192 1715 τε
1207 1651 1259 1714 καί
1273 1670 1327 1725 γυ-

390 1759 510 1842 μνικόν.
547 1757 648 1821 Porro
671 1757 818 1821 oratione
840 1757 918 1820 item
941 1757 1102 1822 indirecta
1125 1758 1326 1843 adiungitur,

384 1867 610 1933 Alexandrum
633 1868 720 1951 grati
743 1867 844 1929 animi
870 1867 1069 1930 testificandi
1099 1890 1215 1932 caussa
1244 1868 1326 1931 Peu-

384 1988 505 2044 cestam
528 1979 614 2042 inter
636 1979 910 2058 (ωματοφύλακαε
932 1980 1095 2064 recepisse
1118 2000 1256 2064 quorum
1278 1999 1326 2041 re·

383 2089 473 2175 liqua
496 2100 621 2175 septem
643 2088 775 2150 nomina
797 2097 1017 2153 recensentur.

182 2235 274 2298 Prior
298 2235 393 2299 huius
410 2234 587 2318 fragmenti
602 2255 678 2320 pars
694 2234 777 2298 bene
793 2233 943 2318 congruit
957 2254 1030 2297 curn
1046 2234 1163 2298 ceteris
1180 2233 1325 2299 eiusdem

180 2347 309 2430 generis
332 2343 516 2410 Aristobuli
538 2341 803 2426 narratiunculis.
840 2343 880 2406 In
903 2341 1006 2407 altera
1034 2353 1126 2430 parte
1148 2353 1328 2409 memoratu

181 2456 316 2540 dignum
332 2465 381 2521 est
396 2454 483 2542 quod
499 2456 533 2516 in
548 2475 681 2518 numero
697 2450 998 2539 somatopbylaeum
1010 2452 1216 2518 Ptolemaeus
1228 2456 1325 2540 Lagi-

184 2566 240 2628 des
264 2567 414 2631 refertur.

129 2732 162 2778 n
223 2702 299 2766 Aa.
323 2703 357 2784 o,
381 2703 439 2785 νο,
462 2703 483 2766 4
506 2712 538 2767 a
562 2704 611 2767 ro.
648 2701 795 2766 ursos.
823 2700 864 2765 fr.
893 2702 944 2766 37.
983 2700 1134 2781 ’sionna
1162 2704 1198 2768 aa
1226 2703 1325 2769 αὐτὸν
1415 2773 1418 2785 .

383 2813 468 2897 [scil.
484 2811 723 2899 Alexandrum]
741 2813 760 2891 ἡ
776 2814 960 2893 παρανομία
981 2814 1000 2890 ἡ
1024 2814 1056 2877 ἐε
1071 2815 1129 2879 τὸν
1147 2813 1251 2892 Κύρου
1267 2819 1326 2878 τοῦ

385 2925 549 3005 Καμβύεου
577 2924 700 3006 τάφον,
729 2923 779 2988 ὅτι
808 2924 1070 3004 διορωρυγμένον
1098 2945 1133 2988 τε
1161 2925 1211 2988 καὶ
1239 2944 1325 2989 (ειυ-

384 3035 521 3115 λημένον
545 3035 697 3115 κατέλαβε
727 3038 785 3099 τοῦ
810 3034 915 3112 Κύρου
936 3035 995 3099 τὸν
1016 3033 1142 3116 τάφον,
1174 3033 1219 3098 ὡ(
1240 3035 1325 3111 λέγει

384 3146 632 3224 Ἀριετόβουλοε.
657 3142 738 3208 ibid.
755 3144 794 3206 10
809 3146 860 3209 καὶ
876 3145 961 3220 λέγει
972 3145 1214 3225 Ἀριετόβουλο(
1226 3143 1324 3209 αὐτὸ(

382 3259 536 3335 ταχθῆναι
559 3255 641 3333 πρὸ(
663 3254 875 3334 Ἀλεξάνδρου
898 3258 1046 3335 κοεμῆεαι
1069 3255 1101 3321 ἐξ
1117 3253 1262 3334 ὑπαρχῆς
1279 3262 1325 3340 τῷ

323 3449 326 3456 Ι
384 3366 476 3450 Κύρῳ
497 3366 556 3430 τὸν
578 3365 694 3444 τάφον.
1208 3351 1210 3358 ’

179 3501 243 3566 Ubi
265 3503 416 3588 quamvis
438 3502 578 3566 Arriano
602 3502 759 3566 sermonis
781 3501 944 3587 prolixum
966 3523 1070 3586 genus
1093 3500 1324 3584 condonemus,

180 3633 294 3675 vereor
309 3620 420 3675 tamen
435 3633 476 3675 ne
492 3613 599 3698 potius
614 3611 759 3675 librariis
775 3633 872 3697 quam
895 3612 1047 3697 scriptori
1070 3613 1133 3696 ipsi
1156 3610 1324 3696 indulgea-

179 3743 261 3804 mus,
284 3723 349 3786 nisi
364 3724 398 3786 in
413 3723 513 3809 priori
529 3720 689 3808 particula
704 3720 899 3785 emblemate
913 3729 1036 3785 remoto
1052 3720 1118 3784 leui
1137 3731 1325 3786 correctura

178 3835 226 3896 ita
260 3834 483 3898 emendamus:
523 3834 660 3913 ἐλύπηεε
689 3835 725 3897 δὲ
755 3831 854 3898 αὐτὸν
884 3833 903 3911 ἡ
932 3833 1116 3913 παρανομία
1145 3834 1164 3910 ὴ
1194 3834 1226 3898 ἐ(
1255 3835 1324 3913 τὴν

181 3944 285 4024 Κύρου
312 3949 372 4009 τού
397 3945 577 4028 Καμβύεου,
612 3945 661 4010 ὅτι
684 3952 765 4025 cett,
794 3944 865 4008 sive
894 3943 922 4005 si
949 3943 1010 4006 hoe
1032 3944 1138 4026 magis
1162 3942 1324 4007 satisfacit

178 4055 197 4133 ἡ
226 4055 408 4135 παρανομία
443 4056 463 4134 ἡ
492 4056 524 4120 ἐ(
554 4057 611 4121 τὸν
642 4056 746 4134 Κῦρον
779 4055 838 4120 τὸν
869 4055 1041 4135 Καμβύεου.
1085 4052 1238 4116 Ceterum
1272 4052 1324 4117 hic

154 4163 281 4246 locus,
305 4164 339 4226 id
363 4164 450 4249 quod
473 4165 602 4230 silentio
624 4163 698 4229 uolo
720 4163 913 4249 praeterire,
936 4164 1051 4227 unicus
1071 4171 1120 4227 est
1136 4164 1170 4224 in
1185 4184 1249 4248 quo
1263 4162 1323 4227 Ar·

177 4277 289 4338 rianus
312 4274 540 4340 Aristobulum
561 4278 670 4361 ipsum
693 4273 734 4339 de
757 4281 859 4338 semet
880 4274 953 4359 ipso
975 4271 1100 4359 aliquid
1129 4273 1323 4338 referentem

84 4419 87 4424 2
178 4395 290 4471 aperte
312 4384 460 4450 tradidit.
505 4425 508 4432 ι
