3160 5100
762 375 974 440 ..3η-

328 567 358 614 a.
374 543 404 610 9.
435 547 473 613 έε
493 545 848 626 δὲτὴνύετεραίαν
942 567 973 632 p.
988 545 1020 609 6.
1049 545 1196 629 ἑβδόμη
1223 545 1392 627 εφόδρα
1414 569 1472 611 πυ-

286 659 390 724 κακῶε
412 657 472 737 ἤδη
500 656 619 736 ἔχοντα
649 657 737 736 ύμοιε
759 661 848 723 θύται
899 656 1020 735 ρέττων
1036 655 1147 722 ἔθυεεν
1162 656 1308 734 ἐξαρθεὶε
1323 658 1415 736 πρὸ(
1433 659 1473 720 τὰ

285 767 326 834 τύ
351 767 536 847 τεταγμένα.
571 767 790 846 Παραγγεῑλαι
812 769 848 832 δὲ
899 765 986 845 ἱερά·
1001 769 1069 832 τῶν
1084 765 1118 830 δ’
1132 765 1306 844 ἡγεμόνιον
1318 767 1471 832 έκὲλευεε

285 877 362 943 τούε
389 877 447 957 μέν
473 877 669 958 ετρατηγοὺε
696 878 847 957 διατρί-
899 875 976 940 τοὺε
991 876 1155 955 μεγίετοοε
1178 876 1413 956 διατρίβειν
1429 878 1470 942 έν

287 985 848 1070 βεινκατάτὴναύλήν,χιλιάρ-
900 992 944 1070 τῇ
972 985 1088 1070 αὐλῇ,
1120 985 1313 1065 ταξιάρχου(
1351 989 1392 1050 δὲ
1421 989 1470 1050 καὶ
1551 1077 1552 1082 ¹

285 1097 400 1180 χαεδέ
429 1097 480 1164 καλ
507 1097 849 1176 πεντακοειάρχαε
900 1095 1270 1176 πεντακοειάρχοοε
1302 1097 1383 1163 ἔξω
1418 1119 1470 1162 νυ

285 1207 363 1288 πρὸ
380 1212 457 1273 τῶν
475 1211 616 1286 θυρῶν.
637 1204 848 1271 Plutarchum
900 1205 1067 1284 κτερεύειν.

285 1315 314 1380 ai
341 1314 511 1396 audimus,
545 1316 732 1402 sequentia,
765 1338 848 1403 quae

285 1424 446 1490 Arrianus
484 1423 591 1490 eidem
630 1425 695 1512 ipsi
730 1425 848 1492 tribuit

285 1533 845 1622 diei,poatridiedemumaetasunt.

284 1647 345 1728 ἤδη
389 1645 424 1710 δέ
468 1646 650 1712 παντάπαει
693 1647 846 1727 πονήρωε

284 1756 403 1837 ἔχοντα
418 1759 721 1835 διακομιεθῆναι
738 1757 773 1822 ἐκ
785 1761 845 1823 τοῦ
938 1775 970 1838 p.
987 1754 1016 1818 t.
1047 1755 1091 1819 εἰ(
1112 1757 1149 1820 δέ
1170 1756 1210 1820 τὰ
1232 1757 1337 1835 πέραν
1355 1759 1463 1837 βοεί-

283 1863 478 1945 παραδείεου
506 1865 560 1932 εἰ(
582 1867 629 1931 τὰ
660 1867 844 1947 βαείλεια.
896 1867 981 1929 λεια
1002 1867 1273 1945 διακομιεθεὶε
1302 1873 1347 1949 τῇ
1371 1869 1462 1952 ἕκτῃ

284 1973 551 2042 εἰοελθόντιυν
580 1977 621 2042 δέ
649 1980 726 2042 τῶν
756 1977 844 2056 ἡγε-
896 1975 1007 2053 μικρὸν
1030 1975 1194 2059 ύπνιυεεν,
1220 1975 1239 2039 ὁ
1262 1979 1299 2042 δὲ
1320 1981 1463 2057 πυρετὸε

283 2083 417 2166 μόνων
459 2089 582 2162 γνῶναι
619 2086 677 2166 μέν
713 2085 842 2168 αύτούς,
896 2083 956 2148 ούκ
978 2083 1104 2164 ἀνῆκεν.
1140 2085 1398 2153 ἐπελθόντων
1427 2091 1482 2152 δὲ’

287 2195 435 2276 φωνῆεαι
446 2195 482 2260 δέ
498 2195 596 2276 μηδὲν
612 2193 669 2278 ἔτι,
681 2193 752 2259 ἀλλ’
771 2194 842 2262 εῑνα
895 2199 973 2260 τῶν
996 2194 1204 2274 ἡγεμόνων
1225 2194 1266 2274 ἦν
1289 2196 1441 2281 ἄφωνοι,

287 2303 446 2370 ἄναυδον.
477 2304 528 2370 καλ
548 2305 606 2386 τὴν
628 2303 728 2370 νύκτα
744 2306 843 2385 πυρέε

287 2433 352 2480 εειν
375 2415 479 2480 κακῶε

326 2543 356 2588 a.
382 2521 431 2588 10.
468 2523 518 2590 καλ
546 2525 604 2606 τὴν
628 2525 765 2609 ἡμέραν,
795 2527 844 2592 καὶ
938 2546 970 2611 p.
994 2525 1024 2588 8.
1069 2524 1188 2603 ὁμοίως
1227 2527 1264 2591 δὲ
1299 2528 1352 2591 καὶ
1387 2531 1459 2606 τὴν

283 2635 340 2715 τὴν
364 2633 465 2713 ἄλλην
488 2633 586 2700 νύκτα
895 2635 1087 2716 πέμπτην.
1127 2636 1177 2700 διὸ
1211 2637 1261 2700 καὶ
1290 2640 1359 2701 τοῑε
1387 2639 1457 2702 Μο-

325 2765 354 2806 u.
381 2742 430 2806 11.
467 2743 519 2810 καλ
550 2745 608 2824 τὴν
641 2745 777 2829 ἡμέραν,
812 2753 844 2808 et
895 2745 1019 2810 κεδόιιν
1064 2745 1156 2813 ἔδοξε
1206 2747 1355 2812 τεθνάναι
1405 2749 1459 2811 καὶ

283 2873 366 2940 quun
399 2859 579 2938 sequuntur
619 2873 689 2940 cap.
724 2853 843 2919 XXVI
896 2855 1057 2936 κατεβόων
1103 2855 1252 2921 ἐλθόντε(
1300 2856 1351 2920 ἐπὶ
1399 2858 1458 2921 τὰ(

283 2959 372 3028 nullu
407 2959 546 3049 amplius
584 2961 710 3029 diarum
747 2965 844 3030 seriei
894 2965 1010 3048 θύραι,
1046 2967 1096 3030 καὶ
1132 2968 1356 3044 διηπειλοῦντο
1387 2970 1457 3030 τοῑε

282 3071 409 3140 rationo
424 3071 738 3156 habita‚sudtamen
753 3096 843 3160 pror·
894 3074 1045 3155 ἑταίροιε,
1080 3075 1141 3138 έωε
1175 3075 1353 3157 έβιάεαντο.
1405 3078 1457 3140 καὶ

282 3205 337 3250 aur
364 3183 577 3266 congruentia
605 3195 738 3249 narrant
769 3206 842 3250 cum
893 3189 959 3250 τῶν
982 3189 1088 3263 θυρῶν
1114 3184 1223 3250 αύτοῑε
1245 3185 1455 3264 ἀνοιχθειεῶν

282 3289 448 3358 l'luturchi
465 3294 651 3360 narratione
666 3317 697 3382 p.
714 3295 734 3360 8
750 3295 843 3362 iuxta
894 3295 929 3361 ἐν
951 3297 1020 3359 τοῐε
1042 3300 1149 3374 χιτύιει
1172 3297 1240 3359 καθ’
1262 3296 1320 3361 ἕνα
1335 3296 1454 3360 πάντεε

281 3399 458 3488 adscripta.
481 3399 612 3468 Etenim
624 3401 718 3469 addit
729 3405 840 3474 Arria·
893 3405 992 3485 παρὰ·
1012 3407 1071 3483 τὴν
1103 3406 1214 3484 κλίνην
1243 3409 1454 3485 παρεξῆλθον.

282 3531 343 3578 κιαι
366 3509 445 3577 haec
473 3511 551 3578 itam
580 3531 620 3578 οκ
650 3511 763 3580 diariis
786 3516 840 3582 de·
893 3516 1016 3594 Ταύτηε
1044 3516 1079 3578 δὲ
1109 3515 1306 3595 τῆεὴμέραε
1328 3515 1455 3594 οἱπερὶ

282 3629 430 3712 prompta
457 3642 545 3688 aare:
580 3623 684 3693 οὕτω(
712 3624 747 3692 έν
774 3633 842 3696 ταῖε
892 3625 1035 3691 Πύθωνα
1070 3627 1120 3689 καὶ
1153 3625 1309 3691 (έλευκον
1341 3626 1387 3691 εἰε
1415 3627 1452 3690 τὸ

281 3733 444 3816 έφημερίει
469 3735 539 3800 tuit
572 3735 737 3816 βααλείοιε
765 3736 840 3806 ἀνα.
894 3735 1073 3813 (αραπεῑον
1108 3735 1341 3801 ἀποεταλέντεε
1369 3735 1451 3814 ἠρώ-

281 3843 471 3928 γέγραπται,
498 3843 548 3908 καλ
570 3843 621 3910 ἐπὶ
643 3845 771 3912 τούτοις
793 3847 842 3915 ὅτι
892 3865 958 3910 των
965 3893 974 3928 ,
1017 3843 1045 3910 εἰ
1087 3846 1252 3924 κομίειυειν
1297 3845 1361 3910 ἐκεῖ
1396 3847 1452 3910 τὸν

282 3961 358 4020 cett.
381 3973 485 4040 unqua
506 3949 548 4016 ad
571 3955 591 4034 ὅ
613 3955 633 4018 3
655 3991 690 4006 -
718 3955 777 4037 ἤδη
802 3959 840 4026 θν
892 3955 1111 4034 Ἀλέξανδρον.
1154 3956 1172 4020 ὁ
1206 3956 1241 4020 δὲ
1269 3957 1343 4022 θεὸς
1374 3956 1451 4020 κατὰ

281 4063 319 4130 τύ
341 4063 483 4148 ἄμεινον.
892 4067 1001 4145 χώραν
1026 4065 1083 4132 ἐᾶν
1106 4066 1221 4133 ἀνεῖλε.

931 4173 1144 4241 Plutarchum
1172 4176 1225 4240 hic
1249 4176 1352 4256 ¹uniun
1385 4174 1450 4238 diei

890 4293 1000 4348 notam
1027 4287 1078 4370 (τῇ
1107 4287 1240 4371 τετάρτη
1263 4287 1449 4366 φθίνοντοε)

889 4402 945 4457 aut
961 4416 1039 4460 casu
1056 4408 1113 4463 aut
1134 4396 1281 4462 consulto
1302 4396 1450 4460 omisisse
