3160 5100
621 379 831 444 „25-

149 547 247 614 modo
270 546 496 615 Aristobulum
520 571 593 615 cum
617 547 785 615 Casandro
808 549 1015 614 coniunctum
1038 549 1141 614 fuisse
1164 549 1298 614 infitiari

149 661 236 725 nolo.
282 659 329 726 Ut
357 681 410 724 eas
433 661 522 747 ipsas
545 660 680 726 Arriani
702 659 809 746 operis
832 670 957 747 partes,
989 661 1108 748 quibus
1131 661 1300 747 Antipatri

150 770 380 857 Casandrique
407 769 538 836 uberior
565 771 686 836 mentio
708 771 746 835 fit
769 793 810 835 ex
832 770 1024 836 Aristobulo
1047 773 1208 858 prodiisse
1232 773 1299 836 exi-

149 883 297 965 stimem,
321 880 411 947 velut
434 882 468 964 7,
493 881 549 964 12,
571 881 660 947 5-7
684 880 741 945 ubi
765 903 839 945 cum
861 883 942 947 scite
965 892 997 946 et
1020 883 1151 969 copiose
1171 883 1212 947 de
1233 882 1299 946 An-

149 993 265 1080 tipatri
280 989 552 1079 Olympiadisque
566 992 748 1056 inimicitiis
766 994 886 1079 exponi
902 1003 1053 1079 coeptum
1069 993 1127 1075 sit,
1151 1014 1215 1057 non
1235 1015 1312 1076 unav

151 1103 193 1168 de
216 1124 332 1168 caussa
354 1100 450 1166 valde
474 1100 636 1184 dolemus,
668 1102 754 1188 quod
777 1112 854 1167 nota
875 1101 932 1167 illa
954 1102 1071 1182 lacuna
1094 1125 1177 1190 quac
1201 1105 1299 1168 inter-

150 1213 240 1279 cedit
262 1213 347 1277 inter
369 1211 465 1277 huius
488 1211 565 1277 libri
588 1214 694 1296 capita
720 1213 758 1276 12
773 1223 804 1277 et
822 1214 860 1277 13
875 1211 1002 1300 reliqua
1016 1213 1110 1278 nobis
1127 1213 1301 1280 subduxit.

76 1409 81 1416 ι
151 1325 276 1390 Verum
304 1324 339 1386 in
367 1323 414 1387 eis
442 1344 526 1408 quae
555 1332 729 1410 supersunt
756 1345 862 1411 neque
890 1324 1029 1389 nimium
1057 1346 1163 1411 neque
1186 1347 1301 1412 parum

152 1435 328 1522 Antipatro
350 1434 463 1497 favere
490 1432 621 1498 videtur
651 1433 708 1498 sed
730 1434 816 1498 iuste
844 1444 875 1498 et
902 1432 1054 1519 religiose
1076 1457 1128 1500 res
1153 1436 1298 1522 exponit.

153 1546 275 1611 Contra
297 1567 350 1608 eas
367 1565 446 1630 quas
462 1545 623 1609 Arrianus
640 1545 669 1626 7,
686 1545 724 1607 21
729 1595 738 1628 ,
758 1545 772 1606 l
789 1545 889 1608 refert
904 1544 1165 1610 narratiunculas
1182 1546 1301 1631 quibus

152 1679 194 1720 nc
222 1657 293 1743 ipse
321 1653 453 1742 quidem
481 1653 579 1718 fidem
606 1653 721 1739 babet,
752 1677 794 1718 ex
822 1654 1013 1720 Aristobulo
1044 1679 1108 1721 non
1137 1655 1301 1744 profectas

154 1787 225 1832 esso
248 1765 488 1847 contenderim,
514 1787 587 1828 cum
609 1766 805 1852 praesertim
828 1765 988 1831 Arrianus
1005 1770 1063 1853 qui
1079 1766 1187 1854 paullo
1204 1789 1303 1854 supra

155 1879 190 1959 7,
213 1878 272 1957 26,
296 1878 315 1940 3
339 1874 525 1940 Aristobuli
547 1877 770 1940 testimonium
792 1874 917 1957 attulit,
941 1876 1002 1942 boc
1025 1878 1097 1964 ipso
1119 1877 1190 1942 loco
1214 1876 1301 1940 illius

154 1987 322 2074 scriptoris
345 1987 543 2050 mentionem
565 2008 630 2050 non
652 1985 765 2051 faciat.

240 2095 303 2161 His
326 2096 508 2161 accuratius
532 2098 699 2184 perpensis
723 2098 758 2160 in
778 2106 932 2184 promptu
948 2106 998 2162 est
1014 2099 1177 2182 conicere,
1202 2098 1302 2184 scrip·

156 2209 237 2273 sisse
251 2206 480 2276 Aristobulum
502 2230 582 2294 opus
606 2230 701 2272 suum
724 2219 797 2294 post
819 2230 940 2272 annum
955 2209 1029 2272 287.
1067 2208 1142 2288 Quo
1159 2219 1305 2294 tompore

156 2317 302 2383 dubitari
324 2319 384 2381 vix
405 2326 529 2404 potest,
557 2317 635 2404 quin
657 2316 862 2383 Ptolemaeus
885 2317 1005 2385 librum
1034 2341 1128 2383 snum
1155 2319 1221 2382 iam
1248 2317 1303 2381 ab·

157 2428 291 2494 solverit
319 2429 438 2516 quippe
461 2449 556 2514 quem
578 2427 641 2492 282
668 2437 831 2492 mortuum
854 2450 925 2493 esse
948 2437 1085 2493 constet.
1136 2428 1206 2492 Iam
1235 2429 1304 2494 veri

157 2539 289 2604 videtur
303 2536 513 2622 simillimum,
526 2539 711 2625 respexisse
722 2537 948 2604 Aristobulum
963 2538 1006 2602 ad
1019 2538 1196 2603 Ptolemaei
1213 2561 1303 2625 opus.

158 2649 269 2730 Quare
291 2647 379 2713 haud
401 2649 521 2712 iniuria
537 2649 563 2714 C
578 2648 718 2713 Mueller
740 2648 921 2732 contendit,
945 2647 1174 2714 Aristobulum
1197 2657 1305 2714 aetate
1373 2645 1374 2650 ’

157 2759 344 2825 inferiorem
357 2781 428 2824 esse
439 2759 573 2846 reliquis
586 2759 812 2848 scriptoribus,
828 2759 905 2824 licet
916 2761 1053 2825 nimium
1066 2761 1100 2823 in
1115 2759 1305 2825 universum

157 2871 219 2936 boc
246 2871 473 2957 pronuntiasse
502 2870 661 2936 videatur.
705 2871 853 2957 Namque
883 2880 1012 2957 praeter
1033 2869 1216 2935 Patroclem
1247 2869 1304 2954 (cf.

158 3004 257 3069 supra
279 3003 334 3069 pg.
349 2981 392 3045 20
413 2979 456 3044 ad
478 2980 539 3044 No.
555 2980 611 3066 50)
636 2980 858 3047 Onesicritum
880 2981 938 3066 (cf.
962 2980 1049 3044 infra
1071 3003 1126 3068 pg.
1143 2981 1199 3066 29)
1228 2980 1303 3044 Pto-

56 3158 59 3162 .
159 3093 317 3158 lernaeum
340 3091 400 3156 vix
422 3112 605 3178 quenquam
628 3091 776 3157 invenies
793 3093 885 3158 cuius
901 3090 1128 3158 Aristobulum
1144 3091 1304 3156 rationem

159 3203 311 3271 habuisse
327 3224 369 3267 ex
390 3201 536 3289 reliquiis
560 3203 629 3268 eius
645 3202 777 3289 probari
792 3204 904 3289 possit.
943 3203 991 3266 Ea
1007 3203 1110 3288 igitur
1124 3225 1166 3266 ex
1179 3201 1304 3267 ratione

159 3313 326 3380 iudicandi
343 3323 418 3378 sunt
433 3333 544 3377 omnes
561 3314 591 3376 ei
606 3312 669 3377 loci
684 3312 742 3376 ubi
758 3334 798 3376 ex
814 3313 946 3377 Arriani
962 3313 1148 3378 testimonio
1171 3315 1256 3378 inter
1272 3334 1306 3376 sc

159 3425 314 3490 differunt
325 3423 529 3489 Ptolemaeus
546 3435 578 3489 et
590 3422 812 3506 Aristobulus,
828 3423 966 3490 utillum
978 3423 1042 3489 fide
1054 3424 1140 3488 hunc
1152 3445 1306 3511 superare

160 3537 384 3602 existimemus
396 3533 449 3598 vel
460 3544 633 3622 propterea
643 3534 729 3621 quod
740 3543 884 3621 ternpore
896 3535 1070 3600 antecedit.
1093 3534 1167 3599 Huc
1180 3532 1307 3600 accedit

161 3645 247 3734 quod
262 3644 466 3712 Ptolemaeus
488 3666 592 3708 meros
616 3647 863 3711 commentarios
879 3667 1075 3732 componens
1091 3645 1187 3709 rebus
1203 3644 1306 3729 gestis

161 3779 257 3844 quam
281 3757 451 3820 verissime
474 3754 655 3820 referendis
677 3756 772 3819 unice
788 3755 968 3837 studuisse,
992 3753 1149 3820 lectorum
1165 3753 1306 3819 oblecta-

160 3868 241 3932 tioni
263 3865 346 3930 nihil
367 3888 520 3953 umquam
536 3868 734 3931 concessisse
751 3864 891 3930 videtur.
931 3865 1053 3932 Contra
1066 3868 1102 3930 in
1116 3862 1307 3929 Aristobulo

162 3979 292 4043 offertur
320 3976 473 4043 laudibus
497 3976 565 4043 stili
588 3975 751 4062 elegantia
781 3977 925 4041 suavitas
954 3976 1213 4064 descriptionum
1235 3997 1306 4050 nar-

162 4090 388 4175 rationumque
439 4089 530 4152 cuius
574 4085 775 4153 luculentum
819 4097 910 4152 extat
954 4088 1177 4153 testimonium
1220 4083 1306 4172 apud

162 4199 374 4265 Plutarchum
410 4223 475 4264 non
516 4222 612 4288 posse
649 4219 739 4264 suar.
778 4199 848 4262 vivi
885 4219 954 4284 cap.
993 4199 1034 4262 10
1070 4197 1105 4282 (2
1138 4219 1192 4283 pg.
1228 4197 1306 4261 1337

163 4310 309 4395 Duebn.)
334 4309 376 4373 cf.
399 4309 583 4375 Aristobuli
604 4310 720 4394 fragm.
747 4309 789 4371 1³.
831 4309 884 4374 Τί(
912 4309 945 4372 δ’
973 4307 1013 4373 ἄν
1040 4307 1145 4387 ἡεθείη
1174 4327 1307 4373 (uvoro-

163 4423 365 4503 uoucoipevoc
387 4427 428 4520 τῇ1
447 4421 593 4506 καλλίετῃ
615 4422 740 4498 γυναικὶ
761 4422 884 4501 μᾶλλον
907 4419 925 4498 ἢ
948 4418 1236 4499 προεαγρυπνήεαε
1260 4416 1308 4481 οἷ(
