3160 5100
621 383 831 446 -19-

152 535 332 615 Arrianurn
362 550 398 637 1,
421 550 443 614 4
465 559 548 615 extr.
578 558 610 614 et
631 550 736 615 fusius
765 550 898 638 quidem
921 549 1136 637 explicatum3
1163 551 1300 617 alterum

150 662 240 748 apud
257 659 370 746 Steph.
385 661 468 747 Byz.
492 683 518 724 s.
535 683 566 723 ν.
590 663 737 742 Ἀγχιάλη
760 661 849 747 quod
870 683 948 724 num
970 683 1048 724 vere
1063 661 1210 747 Lagidae
1224 661 1300 728 Pto-

151 770 268 835 lemaei
291 773 334 835 sit
356 769 453 834 valde
476 769 600 836 dubito.
637 769 749 850 Quare
776 793 817 834 ne
845 793 887 836 ex
912 771 963 835 his
987 771 1120 858 quidem
1142 772 1185 836 ad
1206 793 1299 836 accu-

151 882 256 946 ratius
292 878 510 945 definiendam
547 880 724 945 Ptolemaei
756 882 916 946 rationem
942 881 1097 946 narrandi
1125 883 1298 968 quicquam

153 991 265 1076 colligi
287 999 405 1077 potest.
443 990 558 1076 Neque
585 992 690 1076 magis
715 1013 756 1054 ex
778 992 829 1056 his
852 1000 980 1056 constat
1006 991 1047 1056 de
1069 1000 1215 1078 tempore
1237 1014 1301 1078 quc

152 1100 358 1165 Ptolemaeus
388 1123 468 1187 opus
498 1123 592 1165 suum
621 1102 842 1187 composuisse
870 1102 1032 1166 videatur.
1072 1101 1204 1167 Etenim
1226 1123 1301 1166 curn

152 1213 182 1275 R
199 1211 298 1276 Geier
326 1211 379 1276 cui
398 1209 626 1299 adstipulatur
654 1209 835 1276 CMueller
863 1211 927 1276 sibi
949 1214 1164 1298 persuaserit,
1193 1212 1300 1278 Ptole-

152 1343 281 1385 maeum
303 1343 384 1407 opus
408 1343 502 1384 suum
524 1331 594 1385 tum
616 1321 745 1385 demum
761 1321 966 1405 condidisse,
989 1332 1162 1409 postquam
1176 1324 1300 1408 regiam
1384 1373 1386 1380 ,

153 1432 350 1516 dignitatem
372 1430 510 1517 adeptus
534 1440 635 1514 esset,
658 1432 759 1516 igitur
781 1441 854 1518 post
875 1454 997 1496 annum
1018 1433 1081 1498 306
1103 1455 1132 1496 a.
1157 1433 1242 1514 Chr,
1266 1434 1299 1496 id

153 1543 304 1630 quamvis
326 1542 398 1606 veri
420 1541 622 1606 simillimum
645 1563 716 1606 esse
737 1564 803 1607 non
824 1563 956 1628 negem,
985 1551 1095 1607 tamen
1117 1544 1203 1633 iusto
1227 1564 1300 1608 con-

130 1653 309 1741 *fidentius
332 1651 374 1716 ab
396 1650 447 1716 his
464 1652 544 1715 viris
560 1639 717 1716 statutum
734 1674 805 1717 esse
828 1652 980 1718 arbitror.
1018 1653 1180 1718 Nimirum
1195 1675 1302 1739 neque

155 1763 289 1827 Arriani
305 1761 406 1826 verba
422 1761 572 1848 (praem
587 1765 790 1843 Πτολεμαίοε
806 1765 842 1829 δὲ
857 1741 940 1844 itote
954 1771 999 1850 τῷ
1016 1768 1235 1844 ξυετρατεῦεαι
1251 1762 1300 1829 ὅτι

153 1875 204 1940 καὶ
227 1874 315 1958 αὐτῷ
340 1877 458 1955 βαειλεῐ
479 1873 549 1939 ὄντι
577 1873 784 1954 αἰεχρὸτερον
813 1875 831 1952 ἤ
860 1896 907 1957 τῳ
937 1875 1027 1958 ἄλλῳ
1049 1876 1224 1954 ψεύεαεθαι
1246 1873 1301 1957 ἦν)

155 1984 215 2049 hcc
230 1982 385 2070 probant,
406 2003 512 2068 neque
527 2005 570 2046 ex
584 1981 763 2047 Ptolemaei
777 1983 960 2069 fragmento
976 1985 994 2048 ἰ’
1001 2034 1010 2066 ,
1031 1985 1134 2048 nostri
1149 2005 1300 2048 recensus

153 2094 216 2158 No.
242 2094 282 2158 10
303 2092 365 2158 hoc
387 2092 538 2158 efficitur.

238 2202 362 2268 Similis
384 2204 468 2268 ratio
491 2212 540 2267 est
555 2203 740 2270 Aristobuli
760 2205 1028 2289 fragmentorum.
1057 2203 1212 2284 Quorum
1228 2225 1302 2268 cum

152 2314 241 2400 apud
273 2312 509 2379 OMuellerum
543 2316 674 2379 crnninc
701 2315 742 2379 48
776 2323 906 2397 extent,
940 2314 1056 2379 horum
1083 2316 1121 2394 31
1154 2335 1196 2378 ex
1228 2316 1301 2401 ipsc

152 2425 294 2489 Arriano
323 2434 399 2490 sunt
428 2425 629 2511 deprompta.
666 2424 806 2511 Reliqua
840 2425 921 2488 haec
943 2425 973 2488 3.
997 2425 1029 2488 6.
1052 2425 1098 2488 lb.
1123 2425 1152 2488 8.
1178 2425 1227 2488 13.
1253 2425 1300 2489 14.

156 2537 207 2600 17.
229 2535 281 2604 22.
303 2535 356 2600 29.
379 2535 431 2600 30.
456 2536 506 2601 31.
530 2535 582 2600 32.
604 2536 656 2600 33.
681 2536 733 2600 34.
748 2535 816 2599 34¹³.
832 2535 884 2598 41.
899 2535 952 2600 43.
975 2535 1154 2598 maximam
1174 2542 1300 2621 partem

154 2667 172 2709 e
205 2644 364 2711 Strabone
396 2644 561 2710 fluxerunt
593 2654 808 2733 spectantque
843 2643 885 2708 ad
915 2666 968 2708 res
1000 2643 1237 2730 geographicas
1270 2652 1301 2707 et

155 2755 437 2843 ethnographicas.

238 2865 349 2930 Unum
382 2875 509 2930 tanturn
530 2868 620 2931 'inter
647 2865 727 2930 haec
757 2866 938 2950 fragmenta
973 2867 1093 2930 eminet
1121 2873 1301 2929 memoratu

153 2977 299 3062 dignum.
545 3041 547 3045 ,

104 3112 135 3158 st
163 3159 165 3164 ,
196 3087 314 3154 Strabo
332 3089 369 3152 11
386 3110 441 3175 pg.
457 3087 536 3170 509,
559 3087 707 3152 Aristob.
723 3087 764 3150 fr.
782 3089 831 3152 17.
868 3087 1109 3169 Ἀριετόβοαλοε
1125 3089 1160 3152 δὲ
1175 3089 1227 3153 καὶ
1248 3088 1300 3167 μέ-

358 3218 465 3276 γιετον
499 3199 675 3278 ἀποφαίνει
702 3199 761 3264 τὸν
788 3197 887 3264 Ὦξον
919 3205 986 3263 τῶν
1018 3196 1211 3277 ἑωραμένων
1239 3195 1301 3277 ὑφ’

359 3310 476 3375 ἑαυτοῦ
503 3310 583 3374 κατὰ
607 3310 667 3387 τὴν
690 3307 809 3391 Ἀείαν,
837 3310 922 3387 πλὴν
949 3313 1017 3372 τῶν
1040 3307 1186 3374 Ἰνδικῶν.
1224 3309 1301 3387 φηεὶ

344 3421 458 3490 ,δὲκαὶ
470 3419 613 3485 εὔπλοον
629 3418 723 3503 εἶναι,
736 3419 787 3484 καὶ
798 3418 896 3485 circ(
906 3418 957 3483 καὶ
972 3418 1198 3498 Ἐρατοεθένηε
1212 3418 1300 3496 παρὰ

358 3531 645 3609 Πατροκλέου(
680 3530 805 3610 λαβών,
839 3530 891 3594 καὶ
921 3529 1029 3593 πολλὰ
1061 3534 1128 3593 τῶν
1161 3528 1300 3593 Ἰνδικῶν

273 3669 279 3678 ·
357 3640 503 3720 φορτίων
526 3639 673 3716 κατάγειν
696 3639 741 3704 εἰ(
762 3641 822 3719 τὴν
842 3639 1012 3718 Ὑρκανίαν
1035 3638 1221 3720 Θάλατταν,
1249 3639 1299 3703 ἐν-

356 3755 468 3817 τεῦθεν
500 3752 533 3815 δ’
563 3751 607 3815 e<
640 3752 697 3830 τὴν
724 3749 893 3831 Ἀλβανίαν
925 3751 1132 3828 περαωῦεθαι
1163 3749 1215 3813 καὶ
1248 3749 1301 3813 διὰ

356 3867 415 3927 τοῦ
450 3862 556 3941 Κύρου
583 3862 634 3925 καὶ
661 3865 727 3924 τῶν
756 3859 826 3938 ἑξῆε
853 3858 965 3924 τόπων
994 3859 1038 3924 eit
1065 3860 1124 3924 τὸν
1151 3859 1300 3925 Εὔξεινον

358 3973 598 4054 καταφέρεεθαι.
996 4057 998 4062 s
1043 4025 1045 4030 .

239 4081 332 4153 Haec
354 4092 510 4169 quantum
533 4081 664 4147 valeant
691 4080 733 4144 ad
756 4078 942 4145 Aristobuli
969 4078 1066 4144 fidem
1093 4087 1182 4142 recte
1204 4079 1299 4142 aesti-

154 4193 307 4258 mandam
328 4202 523 4280 tempusque
545 4192 728 4257 accuratius
758 4189 981 4255 definiendum
1009 4210 1073 4275 quo
1100 4186 1229 4251 facilius
1251 4196 1302 4252 est

154 4303 338 4385 intellectu,
355 4325 392 4367 eo
409 4305 512 4388 magis
528 4302 703 4369 dolendum
719 4311 784 4383 est,
802 4299 889 4387 quod
903 4299 929 4364 C
941 4297 1078 4364 Mueller
1093 4299 1179 4363 bunc
1194 4298 1301 4362 locum

154 4436 287 4502 prorsus
308 4413 496 4500 neglexisse
520 4415 660 4480 videtur.
698 4413 831 4478 Etenim
854 4408 1012 4475 Patroclis
1034 4409 1123 4475 illius
1145 4408 1300 4496 reliquias

1062 4535 1097 4586 2*
