3160 5100
665 351 853 414 ..γ-

388 542 477 601 mus,
493 519 621 606 reliqua
636 529 768 606 atquae
783 520 981 586 antecedunt
995 532 1029 588 et
1045 544 1128 611 quae
1143 532 1333 611 sequuntur,

388 630 549 695 debentur
570 629 769 697 Ptolemaeo.

183 739 375 805 Cavendum
397 749 507 805 tamen
522 749 596 822 est,
619 762 661 804 ne
683 750 836 826 putemus
859 740 947 805 idem
969 740 1080 807 valere
1102 742 1144 808 de

131 859 163 907 18
224 850 300 913 Arr.
316 850 353 931 4,
370 851 404 931 8,
425 855 440 913 l
457 872 527 937 sqq.
557 850 706 916 Aristob.
724 852 766 914 fr.
782 851 834 916 23.
866 853 1027 917 Narratur
1049 852 1231 918 Alexandri
1251 854 1330 920 faci·

383 983 444 1024 nus
460 962 495 1025 in
507 958 629 1024 Clitum
641 961 849 1026 commissum
865 984 950 1049 quae
964 964 1107 1029 narratio
1120 965 1330 1030 continuatur

385 1071 428 1135 ad
460 1071 704 1156 paragraphum
738 1092 866 1136 nonam.
911 1072 980 1137 Ubi
1013 1095 1086 1137 cum
1121 1055 1168 1138 sic
1194 1061 1326 1161 pergat:

384 1182 625 1262 Ἀριετόβουλοε
652 1183 688 1246 δὲ
716 1181 791 1248 ὅθεν
819 1185 876 1262 μέν
904 1183 923 1262 ἡ
952 1185 1103 1262 παροινία
1132 1185 1264 1267 ὡρμήθη
1288 1185 1327 1251 οὐ

384 1293 485 1374 λέγει,
514 1292 675 1376 suspicari
702 1313 768 1356 non
790 1290 931 1357 alienum
960 1301 1023 1376 est,
1051 1275 1281 1379 praecedentia
1309 1317 1329 1361 a

382 1400 567 1468 Ptolemaeo
590 1401 738 1486 profecta
761 1423 840 1466 esse.
883 1402 982 1484 Quod
1006 1405 1177 1490 quominus
1206 1413 1326 1471 statua·

383 1535 455 1575 mus
478 1512 617 1597 impedit
632 1513 734 1576 oratio
749 1512 910 1577 indirecta
931 1535 997 1598 qua
1018 1523 1087 1578 tota
1106 1537 1157 1580 res
1178 1516 1329 1598 refertur,

381 1623 524 1709 itemque
545 1620 730 1707 impediunt
751 1621 932 1688 locutiones
954 1622 1166 1710 interpositae
1190 1626 1282 1691 velut
1297 1626 1328 1691 οἱ

382 1736 439 1816 μὲν
462 1735 590 1810 λέγοντι
611 1769 654 1782 -
676 1733 708 1799 οἱ
724 1736 759 1800 δέ
774 1755 904 1824 paragr.
922 1733 942 1798 8
959 1742 1042 1798 extr.
1081 1734 1181 1816 Quod
1203 1743 1325 1801 utrum-

381 1865 444 1929 que
467 1865 526 1930 per
547 1851 651 1906 totum
667 1844 800 1908 Arriani
823 1849 903 1929 opus
927 1866 991 1908 non
1013 1843 1050 1907 fit
1065 1843 1251 1931 ubicunque
1268 1855 1324 1911 aut

382 1951 606 2019 Ptolemaeum
630 1962 687 2017 aut
704 1949 931 2018 Aristobulum
954 1964 1011 2019 aut
1028 1964 1203 2041 utrumque
1218 1957 1324 2040 sequi·

382 2076 445 2131 tur.
484 2062 575 2143 Quid
597 2062 686 2149 quod
708 2061 921 2128 Aristobulus
943 2063 1014 2149 ipse
1038 2062 1124 2128 solus
1146 2064 1325 2132 Ptolemaei

380 2173 527 2260 Lagidae
549 2173 745 2238 mentionem
762 2173 857 2253 facit,
881 2195 901 2236 a
916 2195 980 2259 quo
996 2172 1118 2238 Clitum
1132 2176 1323 2241 temulentia

380 2294 413 2349 et
440 2285 490 2350 ira
516 2285 676 2376 percitum
702 2305 762 2369 per
788 2282 876 2349 fores
905 2282 1122 2350 ultramuros
1147 2285 1323 2351 etlossam

380 2397 464 2460 arcis
498 2393 697 2459 subductum
734 2415 870 2480 eumque
897 2381 1076 2459 'reversum
1112 2385 1245 2460 tandem
1282 2396 1323 2462 ab

380 2503 571 2570 Alexandro
601 2502 813 2568 interfectum
835 2525 905 2568 esse
928 2503 1038 2568 refert.
1077 2504 1160 2569 Inde
1182 2505 1324 2571 efficitur

362 2603 603 2681 ‘Ptolemaeum
637 2616 766 2678 omnino
800 2613 840 2678 de
872 2613 934 2680 hoc
962 2613 1145 2679 Alexandri
1178 2614 1323 2681 facinore

379 2727 536 2808 tacuisse,
553 2726 624 2792 sive
640 2724 728 2811 quod
743 2722 926 2789 Aristobuli
941 2725 1162 2789 narrationem
1177 2725 1323 2792 novisset

378 2837 605 2922 probaretque,
615 2835 650 2899 id
663 2834 750 2922 quod
761 2834 820 2899 vix
831 2833 1037 2916 crediderim,
1052 2835 1121 2900 sive
1134 2834 1244 2923 aliqua
1255 2836 1322 2902 alia

382 2969 499 3012 caussa
522 2945 664 3012 ductum.

175 3059 391 3122 Redeundum
410 3058 512 3142 igitur
526 3057 615 3122 infra
630 3056 692 3121 erit
706 3055 749 3120 ad
764 3055 849 3119 hanc
864 3054 943 3120 Cliti
957 3056 1071 3121 mortis
1087 3058 1319 3141 narrationem,

174 3170 231 3234 ubi
255 3191 388 3256 agemus
411 3168 451 3232 de
466 3168 602 3233 Arriani
624 3166 810 3232 auctoribus
826 3188 893 3231 non
906 3165 1098 3231 nominatim
1113 3165 1156 3231 ab
1179 3189 1217 3234 eo
1240 3169 1318 3233 cita·

174 3281 227 3343 tis.
265 3280 317 3343 De
339 3278 467 3344 duobus
490 3277 562 3343 aliis
584 3277 664 3343 locis
687 3297 791 3362 aeque
814 3284 903 3340 certo
925 3276 1027 3341 statui
1048 3277 1177 3362 nequit:

125 3420 156 3467 19
181 3388 292 3453 0Arr.
316 3390 353 3472 7,
375 3389 412 3471 4,
435 3391 466 3452 4.
493 3388 637 3455 Aristob.
661 3386 702 3451 fr.
725 3387 776 3451 38.
814 3387 850 3452 ‘0
879 3389 914 3452 δὲ
944 3388 995 3452 καὶ
1022 3389 1146 3468 γάμουε
1172 3389 1319 3469 ἐποίηεεν

377 3500 509 3566 (otton
542 3500 659 3565 ἑαυτοῦ
691 3519 726 3564 τε
760 3499 812 3564 καὶ
843 3502 910 3565 τῶν
938 3497 1082 3577 ἑταίρων.
1126 3499 1224 3567 αὐτὸ(
1260 3503 1317 3579 μέν

376 3618 442 3677 τῶν
464 3612 608 3690 Δαρείου
631 3610 818 3689 θυγατέρων
840 3611 899 3688 τὴν
922 3608 1139 3690 πρεεβυτάτην
1163 3611 1317 3691 Βαρείνην

375 3719 529 3802 ἠγάγετο,
552 3720 597 3785 ὼε
620 3721 656 3784 δὲ
671 3719 757 3796 λέγει
773 3720 1029 3801 Ἀριετόβουλοε,
1051 3718 1103 3784 καὶ
1117 3717 1219 3800 ἄλλην
1234 3723 1316 3801 πρὸ(

375 3831 474 3915 ταύτῃ
481 3880 490 3912 ,
518 3835 583 3897 τῶν
605 3829 708 3909 Ὤχου
731 3829 916 3909 θυγατέρων
938 3831 996 3909 τὴν
1019 3831 1184 3910 νεωτάτην
1206 3833 1314 3911 Παρύ-

377 3962 472 4008 τατιν.
509 3939 570 4020 ἤδη
592 3944 628 4005 δὲ
650 3941 690 4020 ἦν
712 3940 807 4024 αὐτῷΙ
823 3940 942 4022 ἠγμένη
959 3921 1043 4020 καάὴ
1066 3939 1242 4022 Ὀξυάρτου
1256 3947 1315 4008 τοθ

377 4054 532 4131 Βακτρίου
554 4053 629 4117 παῖε
650 4050 802 4130 Ῥωξάνη.
936 4031 941 4038 ’

172 4161 278 4245 Igitur
294 4158 484 4226 Alexander
506 4168 584 4224 tunc
605 4160 761 4246 temporis
785 4157 877 4225 Susis
896 4159 991 4224 Darii
1013 4159 1113 4223 filiam
1134 4160 1314 4226 maximam

171 4281 250 4335 natu
265 4270 425 4336 Barsinen
448 4270 553 4335 duxit.
592 4269 664 4334 Iam
680 4279 777 4334 antea
792 4270 855 4335 sibi
877 4271 1026 4334 iunxisse
1042 4269 1200 4356 Oxyartis
1216 4271 1314 4344 filiam

170 4390 250 4446 natu
270 4382 446 4448 maximam
462 4379 621 4446 Roxanen
636 4379 796 4448 Arrianus
818 4379 880 4446 hoc
900 4379 973 4446 loco
994 4379 1187 4468 simpliciter
1201 4382 1313 4466 refert,
