3160 5100
755 341 964 406 „33-

372 511 629 600 Ephemeridum
653 511 870 595 fragmentum
893 509 935 574 ab
952 511 1090 574 Arriano
1109 509 1339 596 depromptum
1362 533 1443 574 esse

289 650 306 690 e
329 622 504 688 Plutarcho
527 621 697 708 quominus
721 629 899 686 statuamus
923 621 1059 707 impedit
1081 643 1145 684 non
1161 619 1195 682 id
1219 619 1306 706 quod
1329 621 1364 683 in
1386 621 1441 684 in-

289 734 502 799 dicandorum
520 732 646 796 diernm
661 732 786 796 ratione
801 731 842 796 ab
859 752 896 796 eo
912 730 1031 814 differt,
1048 753 1122 794 nam
1136 730 1217 794 haec
1232 729 1275 794 ob
1291 729 1441 817 qualem-

290 867 417 931 cunque
432 864 579 908 caussam
596 864 637 906 cx
652 840 790 906 libidine
812 849 937 905 mutare
959 842 1066 927 potuit
1082 841 1255 924 Arrianus,
1273 840 1332 906 sed
1348 839 1442 927 quod

289 955 450 1022 Arrianus
474 953 514 1017 de
536 950 701 1016 nonnullis
716 951 813 1016 rebus
829 949 918 1016 velut
933 973 952 1014 a
967 953 986 1016 3
1003 953 1071 1014 et4
1092 951 1277 1015 uberiorem
1300 950 1443 1015 exhibet

231 1057 233 1062 ’
289 1061 477 1128 memoriam
500 1083 596 1147 quam
612 1060 816 1127 Plutarchus.
855 1061 920 1126 Sed
936 1060 1051 1148 quidni
1068 1061 1241 1126 statuimus
1257 1062 1443 1126 Arrianum

289 1174 362 1258 ipsa
370 1170 475 1235 diaria
481 1172 695 1238 adhibuisse?
708 1171 984 1236 Huicsententiae
996 1172 1227 1256 gravissimum
1239 1170 1321 1235 illud
1328 1171 1443 1238 obstat

291 1281 378 1368 quod
407 1289 438 1345 et
462 1282 593 1346 Arriani
617 1291 648 1346 et
670 1280 838 1346 Plutarchi
867 1281 1110 1369 ephemeridum
1138 1281 1358 1367 fragmentum
1385 1282 1441 1346 ab

291 1391 425 1457 eodem
448 1391 512 1456 die
535 1392 664 1456 initium
687 1393 783 1478 capit.
822 1391 935 1478 Neque
959 1393 1044 1456 enim
1060 1402 1240 1456 verumest
1258 1391 1442 1479 quodcum

273 1502 349 1567 alii
376 1513 445 1567 tum
468 1501 612 1567 Sintenis
636 1500 657 1565 l.
682 1523 708 1565 c.
732 1524 787 1588 pg.
813 1501 852 1566 19
879 1502 1010 1585 statuit,
1040 1501 1263 1588 ephemerides
1291 1501 1364 1566 illas
1392 1503 1439 1566 ad

292 1613 376 1678 solos
400 1622 563 1678 extremos
579 1610 762 1676 Alexandri
785 1611 856 1676 dies
871 1613 1077 1698 pertinuisse.
1116 1611 1216 1693 Quod
1239 1634 1280 1675 ex
1303 1610 1442 1698 reliquis

293 1746 403 1789 earum
425 1723 616 1808 fragmentis
639 1731 790 1808 apparet,
816 1721 921 1788 velut:

241 1851 274 1898 64
334 1835 421 1900 Plut.
438 1833 589 1920 Sympos.
606 1841 730 1919 quaest.
749 1833 777 1915 1,
801 1833 832 1916 6,
858 1833 1228 1920 1,2pg.755Duebn.
1259 1832 1444 1898 CMueller

491 1943 652 2038 =Eumenis
668 1942 709 2007 fr.
728 1945 743 2005 1
761 1965 815 2028 pg.
834 1944 905 2008 120.
943 1945 1143 2009 Ἀπεδείκνυε
1159 1945 1187 2010 δ’
1203 1945 1321 2010 αὐτοὺ(
1336 1948 1462 2026 olna.

496 2059 632 2134 ροῦνταε
656 2055 785 2119 Φίλινοε
809 2053 843 2119 ἐκ
868 2059 934 2120 τῶν
963 2057 1131 2135 pacianum
1154 2053 1375 2139 ἐφημερίδων,
1404 2056 1442 2121 ἐν

496 2163 546 2230 uic
569 2163 777 2244 ευνεχέετατα
799 2165 973 2246 γέγραπται
995 2165 1045 2230 καὶ
1060 2165 1253 2248 πλειετάκιε,
1277 2165 1327 2230 ὅτι
1342 2152 1441 2244 τήνδε

497 2275 555 2354 τὴν
576 2274 697 2354 ἡμέραν
721 2274 755 2338 ἐκ
777 2279 835 2340 τοῦ
850 2275 953 2340 πότου
974 2275 1157 2352 καθεύδων,
1181 2275 1243 2340 ἐετι
1258 2275 1286 2339 δ’
1301 2275 1368 2358 ὅτε,
1390 2277 1444 2340 καί

497 2387 555 2464 τὴν
578 2385 703 2467 ἐφεξῆς.
748 2385 789 2448 ef.
813 2382 897 2450 Plut.
922 2383 976 2448 Al.
1001 2384 1057 2466 23,
1080 2384 1116 2465 4,
1147 2385 1296 2470 quamvis
1325 2383 1442 2448 diariis

455 2575 459 2586 Ι
496 2495 598 2580 regiis
620 2516 685 2559 non
711 2503 822 2581 aperte
849 2494 919 2576 hic,
950 2516 1063 2558 verum
1087 2516 1184 2582 supra
1206 2497 1226 2576 ξ
1249 2495 1269 2558 2
1291 2495 1326 2558 in
1348 2496 1442 2560 testi-

498 2607 642 2669 monium
671 2605 813 2670 vocatis:
844 2606 932 2672 Μετὰ
961 2606 996 2670 δέ
1024 2605 1082 2670 τὸν
1110 2605 1213 2671 πότον
1243 2606 1443 2686 λουεάμενοε

500 2716 650 2781 ἐκάθευδε
673 2716 827 2782 πολλάκι(
849 2716 939 2795 μέχρι
963 2715 1055 2795 μέεηε
1069 2715 1209 2796 ,ἡμέραε
1240 2715 1302 2781 έετι
1332 2717 1361 2780 δ’
1388 2717 1443 2782 ὅτε

500 2825 551 2891 καί
574 2826 758 2907 διημέρευεν
782 2826 885 2910 ἐντῷ
912 2826 1086 2891 καθεύδειν.

245 2947 277 2998 65
338 2936 424 3002 Plut.
447 2936 544 3002 Alex,
567 2936 625 3019 23,
648 2935 668 3000 2
691 2945 775 3002 extr.
812 2935 974 3002 Πολλάκις
997 2938 1033 3001 δέ
1055 2935 1177 3004 παίζων
1188 2939 1251 3037 ,καὶ
1273 2937 1444 3020 ἀλώπεκας

499 3049 629 3129 ἐθήρευε
652 3049 703 3114 καὶ
725 3047 869 3127 ὄρνιθας,
893 3045 938 3111 ωε
960 3045 1154 3128 ἐετιδαβείν
1177 3046 1298 3113 ἐκτῶν
1322 3047 1440 3129 ἐφημε-

500 3160 608 3240 ρίδων.

298 3268 363 3334 Sed
401 3267 502 3332 multo
538 3265 733 3332 luculentius
770 3267 989 3352 fragmentum
1025 3264 1155 3332 illarum
1197 3266 1442 3354 ephemeridum

298 3385 389 3442 extat
431 3374 519 3464 apud
563 3374 735 3440 Aelianum
772 3375 850 3439 Var.
895 3376 970 3440 hist,
1014 3378 1050 3458 3,
1095 3376 1135 3441 23
1186 3375 1366 3442 OMueller
1400 3377 1440 3445 fr.

299 3487 455 3552 Eumenis
487 3487 503 3550 1
532 3486 686 3572 pg.121:
722 3487 806 3551 Δίου
836 3488 933 3566 μηνόε
967 3508 1043 3569 φατι
1077 3489 1202 3572 πέμπτῃ
1232 3488 1322 3581 ἐπινε
1356 3490 1444 3568 παρὰ

301 3599 429 3683 Μηδίῳ,
451 3597 521 3663 εἶτα
542 3597 614 3682 ἕκτῃ
636 3596 805 3663 ἐκάθευδεν
822 3597 855 3662 ἐκ
870 3601 928 3663 τοῦ
944 3598 1060 3668 πότου,
1083 3600 1134 3663 καὶ
1148 3601 1305 3664 τοεοῦτον
1321 3597 1443 3678 ἐκείνη(

300 3713 355 3788 τῆε
377 3709 494 3789 ἡμέρας
517 3708 641 3792 ἐῑηεεν,
665 3707 742 3773 ὅεον
765 3708 902 3774 άναετάε
917 3709 1100 3788 χρηματίεαι
1115 3712 1183 3774 rote
1198 3708 1347 3790 ἡγεμόαν
1362 3707 1443 3789 ὑπέρ

299 3823 355 3898 τῆ(
377 3817 490 3896 αὔριον
513 3819 645 3900 πορεία(
652 3868 661 3901 ,
684 3819 788 3894 λέγων
812 3817 860 3883 ὅτι
883 3819 968 3884 ἐεται
990 3818 1087 3898 πρωί·
1111 3819 1161 3884 καὶ
1177 3819 1294 3903 ἑβδόμῃ
1311 3817 1443 3884 εἱετιάτο

303 3929 390 4008 παρὰ
409 3927 585 4011 Περδίκκᾳ,
608 3930 659 3993 καὶ
681 3929 770 3994 ἐπινε
792 3929 905 4010 πάλιν,
927 3929 978 3994 καὶ
1000 3927 1101 4012 ὀγδόῃ
1124 3929 1281 3996 ἐκάθευδε.
1318 3929 1444 4012 πέμπτῃ

302 4040 338 4102 δέ
360 4037 413 4102 ἐπὶ
435 4037 511 4102 δέκα
533 4042 590 4102 τοῦ
614 4039 713 4104 αὐτοῦ
737 4041 835 4118 μηνὸε
858 4039 1027 4123 καὶταύτῃ
1050 4039 1154 4124 ἐπινε,
1178 4041 1229 4104 καί
1249 4045 1287 4124 τῇ
1304 4039 1444 4123 ἑπομένῃ

302 4147 340 4212 τὰ
363 4147 517 4227 εἰθιτμένα
540 4149 618 4227 ἔδρα
645 4149 684 4213 τὰ
707 4148 741 4213 ἐκ
763 4153 820 4215 ποθ
840 4149 957 4214 πότου·
985 4149 1073 4228 παρὰ
1088 4149 1204 4235 Βαγώᾳ
1224 4151 1260 4214 δέ
1281 4150 1445 4228 ἐδείπνηεε
1549 4129 1550 4170 ³

302 4257 428 4337 τετράδι
450 4258 528 4339 μετὰ
550 4259 666 4325 εἰκάδα.
704 4259 816 4340 ἀπεῖχε
839 4263 875 4325 δὲ
897 4264 963 4325 τῶν
987 4261 1150 4340 βαειλείων
1174 4260 1192 4324 ὁ
1216 4260 1332 4336 Βαγώα
1354 4257 1444 4324 οῖκοε

303 4367 379 4432 δέκα
402 4367 559 4434 εταδίουε·
582 4369 651 4435 εἶτα
666 4375 703 4453 τῇ
724 4371 810 4452 τρίτῃ
832 4366 916 4451 [soil.
933 4369 1121 4453 φθίνοντοε]
1145 4369 1304 4435 ἐκάθευδε.
1351 4366 1444 4447 Quos
