3160 5100
644 389 853 452 --41..

170 559 408 640 (τρεβλωθέντα
440 561 492 624 καὶ
524 561 736 639 roseaceum
764 559 948 628 ἀποθανεῖν.
991 561 1083 625 Haec
1117 564 1145 626 si
1171 564 1257 626 inter
1285 583 1319 626 se

169 669 481 756 comparaverimus,
495 669 680 735 videbimus
693 669 873 736 Ptolemaei
886 673 1081 736 sententiam
1096 672 1138 736 de
1147 670 1318 738 Callisthe-

169 780 221 844 nis
243 788 348 844 morte
370 778 412 843 ab
429 780 570 848 Arriano
585 790 698 868 aperte
712 781 788 846 huic
804 783 955 867 scriptori
970 767 1090 865 tribui,
1109 804 1128 846 a
1143 781 1319 847 Plutarcho

168 911 228 976 per
249 890 280 954 oi
302 893 416 971 μὲν-
441 890 568 966 λέγουα
590 891 752 957 voeabula
774 892 969 978 significari,
999 891 1181 957 Aristobuli
1209 901 1318 956 autem

170 999 212 1064 de
242 999 356 1064 eadem
382 1020 417 1062 re
444 1000 664 1065 narrationem
699 1025 831 1092 prorsus
862 1003 1047 1089 conspirare
1075 1024 1149 1068 cum
1179 1001 1319 1067 Charete

170 1109 212 1174 de
235 1131 298 1196 quo
322 1110 434 1174 confer
456 1110 677 1177 CMuellerum
700 1114 722 1177 l.
746 1135 773 1176 e.
802 1136 857 1199 pg.
883 1114 944 1177 114
966 1134 1037 1198 sqq.
1249 1108 1251 1111 ’

255 1218 323 1300 Qui
350 1242 424 1285 oum
453 1223 513 1286 vix
545 1231 621 1287 ante
655 1210 881 1288 Aristobulum
915 1224 1088 1310 scripsisse
1120 1224 1240 1309 possit,
1277 1245 1319 1286 ex

167 1330 234 1397 illis
267 1329 347 1396 locis
381 1331 479 1396 etiam
512 1331 574 1398 hoc
610 1333 767 1416 eflicitur,
801 1332 1030 1400 Aristobulum
1063 1342 1210 1398 secutum
1245 1355 1317 1398 esse

170 1440 343 1506 Charetem
367 1443 423 1528 qui
446 1441 680 1508 Callisthenem
703 1466 768 1509 non
792 1443 974 1508 Alexandri
997 1446 1088 1517 iussu
1110 1442 1319 1506 interfectum

175 1551 233 1615 sed
276 1551 391 1616 morbo
427 1553 530 1615 vitam
572 1552 684 1618 finisse
727 1556 885 1619 narravit.
938 1554 1052 1640 Neque
1093 1552 1177 1617 hane
1213 1554 1319 1638 ipsam
1372 1569 1374 1575 ·

170 1683 248 1748 prae
272 1662 388 1726 ceteris
411 1663 629 1727 narrationem
645 1664 836 1729 Aristobulo
859 1664 1019 1752 placuisse
1041 1664 1224 1746 mirabitur,
1248 1664 1318 1749 qui·

170 1795 296 1858 cunque
329 1773 528 1856 meminerit,
562 1774 626 1838 iarn
659 1773 854 1862 aliquotiens
888 1775 1099 1839 manifestum
1133 1771 1318 1838 Aristobuli

173 1883 319 1949 studium
352 1885 544 1970 apparuisse
577 1885 771 1951 vindicandi
798 1884 1025 1951 Alexandrum
1062 1907 1081 1948 a
1115 1882 1318 1948 crudelitatis

170 1993 371 2080 acerbaeque
401 1993 569 2058 vindictae
591 1996 737 2060 crimine.
781 1996 882 2081 Cuius
911 1996 1014 2060 studii
1036 1993 1239 2059 luculentum
1263 2014 1318 2058 ex-

171 2103 310 2190 emplum
335 2104 496 2190 subiungo
517 2104 594 2169 Arr.
618 2107 653 2187 4,
677 2107 711 2187 8,
736 2105 756 2170 9
783 2108 1025 2188 Ἀριετόβουλοε
1055 2109 1091 2172 δὲ
1114 2105 1189 2172 ὅθεν
1219 2105 1318 2186 μὲνὴ

170 2216 322 2296 παροινία
355 2216 485 2298 ὡρμήθη
515 2217 555 2281 οὐ
578 2217 672 2294 λέγει.
717 2216 850 2282 Κλείτου
884 2219 919 2282 δὲ
947 2219 1092 2294 γενέεθαι
1122 2216 1225 2296 μόνου
1259 2217 1318 2294 τὴν

170 2325 325 2406 ἁμαρτίαν
353 2334 429 2391 cett.
467 2325 515 2390 Ut
537 2327 624 2390 enim
648 2325 825 2412 largiamur
847 2329 900 2389 vel
929 2325 1157 2392 Aristobulum
1181 2324 1320 2389 Charete

169 2435 311 2521 priorem
335 2435 438 2501 fuisse
460 2434 615 2522 illamque
637 2438 856 2501 narrationem
880 2459 945 2500 non
969 2459 1011 2500 ex
1033 2436 1173 2500 Charete
1197 2435 1254 2498 sed
1278 2455 1320 2498 ex

169 2544 361 2612 Aristobulo
382 2546 519 2612 fluxisse
541 2569 606 2633 qua
633 2546 674 2610 de
695 2569 731 2610 re
753 2549 834 2611 certi
856 2545 1034 2633 quidquam
1062 2545 1162 2610 statui
1189 2547 1313 2630 nequit,

169 2655 231 2721 hcc
252 2666 360 2721 tamen
387 2657 474 2743 quod
503 2679 545 2723 ex
572 2657 732 2744 propositi
754 2658 859 2723 nostri
881 2657 1008 2721 ratione
1030 2657 1149 2719 summi
1179 2663 1230 2720 est
1251 2676 1318 2718 mo-

170 2767 286 2849 menti,
323 2767 550 2854 probavimus,
579 2770 613 2832 in
642 2767 729 2832 Clito
756 2767 929 2831 interfecto
959 2764 1158 2830 Callisthene
1191 2773 1318 2830 mortuo

170 2877 332 2942 narrando
360 2879 537 2942 Arrianum
567 2879 621 2942 vel
651 2880 686 2942 in
712 2876 871 2962 singulari
897 2886 1143 2964 temporumque
1175 2877 1318 2940 rationes

172 2987 320 3053 consulto
343 2985 537 3073 neglegente
560 3011 668 3054 rerum
691 2987 806 3054 ordine
822 2996 949 3052 tantum
964 3010 1029 3052 non
1046 2988 1232 3074 conspirare
1246 3007 1320 3049 eum

172 3097 359 3163 Plutarcho.
1075 3093 1083 3101 ’

257 3207 329 3272 Iam
350 3231 416 3274 non
439 3229 554 3274 vereor
575 3231 617 3273 ne
639 3212 725 3274 iusto
748 3208 901 3274 subtilius
924 3206 1146 3293 argumentari
1160 3207 1276 3270 videar
1291 3207 1319 3271 si

171 3319 221 3384 his
250 3329 401 3384 accurate
430 3321 599 3407 perpensis
627 3321 674 3384 ita
701 3319 889 3386 ratiocinor.
927 3317 1096 3382 Plutarchi
1126 3325 1157 3381 et
1185 3318 1318 3382 Arriani

171 3431 373 3496 narrationes
396 3429 438 3494 de
460 3429 547 3496 Clito
577 3430 749 3497 interfecto
773 3429 1037 3515 Callistheneque
1064 3430 1099 3492 in
1122 3428 1319 3514 supplicium

171 3539 246 3606 dato
268 3550 337 3606 tam
358 3549 429 3605 arte
456 3541 542 3605 inter
565 3564 599 3606 se
622 3541 796 3606 cohaerent
818 3549 854 3605 ut
877 3562 918 3605 ex
937 3539 1050 3604 eodem
1065 3539 1156 3604 fonte
1170 3561 1320 3603 manasse

170 3649 365 3716 iudicandae
381 3651 463 3733 sint,
484 3652 593 3739 itaque
609 3652 696 3738 quod
712 3651 799 3715 valet
815 3653 850 3715 in
865 3649 1033 3716 Plutarchi
1049 3648 1172 3714 sontem
1186 3670 1320 3713 necesse

170 3771 219 3826 est
240 3762 349 3827 valeat
371 3763 470 3826 etiam
495 3763 529 3825 in
552 3761 697 3827 Arriani.
740 3761 934 3826 Plutarchus
957 3782 1035 3824 vero
1059 3781 1101 3823 ex
1121 3759 1262 3822 diversis
1278 3759 1319 3822 de

172 3870 387 3937 Callisthenis
405 3881 508 3936 morte
524 3871 739 3939 relationibus
757 3893 836 3958 quas
854 3892 923 3957 cap.
940 3870 982 3935 55
1005 3869 1182 3954 congessit,
1206 3878 1320 3954 postea

171 3982 205 4045 in
228 3981 341 4046 eadem
364 4005 400 4047 re
422 3983 534 4072 paucis
558 3981 775 4068 significanda
797 4004 868 4068 cap.
890 3981 932 4046 59
960 4000 1030 4043 eam
1054 3979 1247 4043 relationem
1270 4001 1318 4044 se·

174 4102 266 4157 cutus
289 4115 361 4157 esse
377 4093 509 4159 videtur
530 4095 622 4160 ouius
638 4094 798 4159 Arrianus
821 4091 1044 4156 Ptolemaeum
1061 4111 1132 4154 esse
1153 4097 1317 4153 auctorem

172 4212 284 4289 aperte
307 4203 482 4288 significat.
519 4203 590 4268 Iam
606 4203 693 4268 effici
710 4203 853 4284 videtur,
870 4201 1092 4266 Ptolemaeum
1107 4221 1127 4262 a
1141 4197 1317 4264 Plutarcho

169 4315 309 4399 primum
320 4323 353 4378 et
364 4314 576 4402 praecipuum
587 4325 754 4382 auctorem
766 4313 951 4378 adhibitum
968 4332 1049 4375 esse.
1074 4310 1197 4375 Vereor
1208 4318 1317 4375 tamen

170 4432 205 4488 ut
227 4433 316 4488 recte
337 4425 385 4489 ita
407 4433 599 4490 statuamus.
637 4425 770 4492 Scilicet
792 4425 978 4512 quicunque
993 4418 1162 4486 Plutarchi
1185 4429 1217 4485 et
1232 4430 1316 4486 eete-

459 4521 463 4528 ι
