3160 5100
678 373 865 437 „2-

198 541 268 609 voti
290 543 468 610 communis
490 542 631 625 utilitas,
660 566 726 608 non
753 545 901 630 privatae
922 542 1097 608 iactantiae
1118 540 1224 628 gloria
1252 553 1341 630 pete-

197 654 317 719 batur?

281 763 352 828 Iam
373 785 451 829 vero
473 764 579 849 legem
594 765 794 850 propositam
810 762 969 850 quomodo
993 773 1147 830 executus
1171 766 1214 829 sit
1228 766 1340 828 Arria-

146 911 148 916 ·
197 897 276 956 nus,
299 883 471 961 postquam
494 860 525 939 et
548 874 735 940 OSintenis
760 875 849 966 (Arc.
867 873 974 938 Anab.
990 874 1054 938 Ed.
1069 876 1173 939 maior
1190 875 1216 937 1.
1238 876 1340 961 praef.

197 1007 252 1071 pg.
270 986 309 1050 15
322 986 410 1071 sqq.)
427 987 531 1070 etqui
552 987 620 1050 eius
638 986 780 1070 vestigia
795 985 915 1071 pressit
929 985 960 1047 A
973 983 1203 1049 Westcrmann
1220 983 1340 1071 (Pauly

196 1093 445 1181 Realencyclop.
471 1095 503 1158 1²
524 1096 693 1182 pg.1764)
715 1095 829 1181 paucis
852 1093 1012 1181 exemplis
1028 1093 1238 1181 comprobare
1261 1097 1341 1158 satis

200 1203 400 1287 habuerunt,
423 1207 604 1270 accuratius
628 1207 817 1291 perquirere
838 1206 874 1268 in
895 1206 1003 1269 animo
1027 1214 1086 1268 est.

731 1453 804 1532 §1-

203 1583 431 1652 Ptolemaeus
452 1587 490 1652 et
506 1584 739 1652 Aristobulus
762 1586 876 1652 testes
897 1540 997 1651 inter
1019 1601 1056 1650 se
1079 1557 1342 1651 consentientes

538 1687 581 1753 ab
604 1685 761 1753 Arriano
783 1686 1001 1753 afferuntur.

283 1840 429 1905 Primum
452 1842 583 1928 quidem
599 1863 653 1905 eos
669 1839 756 1904 locos
772 1840 829 1904 ubi
844 1840 1004 1904 Arrianus
1020 1841 1147 1906 notavit
1162 1838 1341 1904 Ptolemaei

200 1960 231 2014 et
247 1951 430 2015 Aristobuli
445 1953 531 2016 inter
546 1973 581 2016 se
597 1947 826 2016 convenientia
838 1950 1024 2014 testimonia
1039 1950 1226 2032 recensebo,
1242 1973 1340 2036 appo·

199 2061 272 2124 sitis
301 2062 556 2146 fragmentorum
585 2063 727 2125 numeris
754 2059 976 2124 Muellerianis
1007 2059 1204 2145 (Scriptores
1233 2082 1340 2124 rerum

199 2170 382 2236 Alexandri
397 2171 521 2256 Magni,
545 2172 694 2256 fragmrn.
718 2170 850 2255 collegit
872 2209 913 2216 -
934 2169 1069 2236 Carolus
1092 2159 1284 2253 Muellerus,
1307 2171 1341 2232 in

199 2280 288 2344 calce
312 2282 445 2346 Arriani
469 2280 622 2346 editionis
644 2280 843 2344 Didotianae
865 2280 1000 2344 Parisiis
1026 2279 1132 2364 1846).

167 2455 180 2501 1
249 2426 321 2490 Arr.
344 2426 381 2507 2,
408 2428 462 2507 12,
486 2425 591 2490 3-6.
628 2424 713 2490 Ptol.
736 2425 776 2489 fr.
800 2425 836 2507 63
860 2424 1006 2491 Aristob.
1030 2424 1071 2487 fr.
1090 2423 1138 2487 6⁰.
1176 2425 1270 2490 Ἀλλὰ
1291 2426 1340 2490 λέ-

506 2537 596 2613 γουιί
623 2558 707 2602 τινες
739 2541 805 2600 τῶν
827 2537 867 2601 τὰ
893 2536 1104 2613 Ἀλεξάνδρου
1127 2535 1337 2617 γραψάντων,

505 2651 560 2723 τῆι
588 2648 703 2713 νυκτόι
734 2645 834 2724 αὐτῆς
862 2682 902 2690 -
931 2645 1007 2709 ἀλλ)
1035 2645 1116 2722 ὑπὲρ
1147 2648 1202 2721 τῆι
1241 2645 1340 2722 ἀρχῆι

499 2760 554 2834 τῆι
588 2757 687 2821 Ἀιίαι
721 2758 1010 2834 διαπεπολεμῆιθαι
1043 2753 1194 2833 ἐννόμωι.
1242 2757 1342 2817 ταῦτα

499 2868 556 2944 μὲν
579 2866 781 2946 Πτολεμαῖοι
804 2867 854 2930 καὶ
876 2865 1117 2945 Ἀριιτόβονλοι
1140 2863 1275 2939 λέγονιι.

340 3001 376 3080 3,
392 3000 449 3082 25,
466 3001 486 3064 8
502 3009 586 3064 extr.
608 2997 692 3064 Ptol.
713 3000 753 3066 fr.
772 3001 827 3082 103
850 2999 996 3064 Aristob.
1011 2999 1051 3062 fr.
1071 3000 1120 3062 15.
1138 3036 1175 3044 -
1192 2999 1243 3063 καὶ
1257 2999 1341 3072 λέγει

499 3112 702 3190 Πτολεμαῖοι
724 3111 776 3174 καὶ
796 3107 1037 3191 Ἀριιτόβουλοι
1060 3110 1109 3174 ὅτι
1131 3116 1206 3171 cett.

340 3245 449 3327 4,14,
469 3246 481 3307 1
502 3247 572 3309 init.
596 3244 679 3310 Ptol.
709 3245 748 3308 fr.
780 3246 835 3328 133
863 3243 1010 3308 Aristob.
1038 3243 1077 3306 fr.
1110 3243 1161 3306 25.
1206 3243 1339 3322 Ἀριιτό-

503 3360 620 3437 βουλος
648 3357 706 3435 μὲν
729 3356 814 3431 λέγει
842 3355 891 3418 ὅτι
918 3355 968 3418 καὶ
992 3355 1204 3432 Καλλιιθένην
1227 3354 1341 3431 ἐπᾶραι

501 3469 582 3544 ιφᾶι
605 3467 734 3546 ἔφαιαν
760 3465 793 3529 ἐι
818 3465 856 3528 τὸ
879 3466 1029 3545 τόλμημα.
1065 3464 1116 3528 καὶ
1136 3465 1341 3543 Πτολεμαῖοι

500 3575 652 3640 άιιαύτωι
676 3575 768 3650 λέγει.

340 3711 378 3791 5,
417 3711 452 3790 7,
472 3711 575 3774 linit.
613 3710 658 3774 Τὸ
681 3712 717 3774 δὲ
739 3713 856 3788 ζεῦγμα
877 3711 915 3775 τὸ
939 3710 991 3774 ἐπὶ
1005 3713 1064 3773 τοῦ
1080 3709 1180 3774 Ἰνδοῦ
1195 3711 1341 3787 ποταμοῦ

500 3821 590 3885 ὅπως
618 3823 675 3900 μὲν
711 3821 843 3900 ἐποιήθη
872 3819 1069 3902 Ἀλεξάνδρῳ
1103 3818 1177 3882 οὔτε
1206 3816 1341 3896 Ἀριιτό-

502 3935 621 4010 βουλοι
644 3931 719 3995 οὔτε
733 3932 951 4011 Πτολεμαῖοι,
975 3928 1023 3993 οἷ(
1039 3928 1169 4008 μάλιιπα
1184 3927 1249 4003 ἐγὼ
1265 3929 1340 3992 ἕπο-

500 4062 570 4124 μαι,
594 4041 749 4118 λέγουιιν.

341 4178 378 4256 6,
398 4179 452 4258 11,
468 4177 498 4240 5.
530 4173 614 4239 Ptol.
638 4175 678 4238 fr.
703 4175 738 4257 93
761 4176 864 4242 Arist.
887 4174 929 4238 fr.
955 4177 1004 4237 11.
1041 4175 1137 4239 Ἀλλὰ
1164 4175 1201 4240 ἐν
1224 4177 1244 4239 Γ
1245 4193 1340 4250 αυγα-

488 4290 599 4367 μήλοιι
615 4287 676 4365 γὰρ
692 4287 835 4363 γενέιθαι
851 4287 908 4364 τὴν
924 4285 1027 4364 μάχην
1048 4287 1191 4370 πρόιπῷ
1206 4288 1339 4365 ποταμῷ

490 4399 652 4480 Βουμώδιμ
682 4397 767 4473 λέγει
788 4396 991 4475 Πτολεμαῖοι
1019 4397 1069 4460 καὶ
1091 4394 1339 4475 Ἀριιτόβουλοι.
