3160 5100
760 367 970 458 ,13-

495 537 596 614 μῆνοτ
611 536 767 616 ἐπέλαβεν
782 535 878 618 ὀκτώ,
889 535 935 602 oc
946 536 1032 611 λέγει
1045 536 1299 616 Ἀριετόβοολοε.
1322 536 1449 622 Neque
1473 603 1478 608 ,

495 643 717 708 dubitaverim
732 645 812 731 quin
827 666 865 708 ea
881 645 980 708 etiam
994 645 1104 708 omnia
1118 666 1201 730 quae
1214 655 1285 708 arte
1299 647 1386 708 inter
1404 667 1446 708 se

496 754 703 818 cohaerentia
724 764 905 840 sequuntur
925 776 1029 840 usque
1050 751 1093 816 ad
1108 775 1179 840 cap.
1194 755 1236 818 36
1252 765 1336 819 extr.
1358 777 1447 840 pen-

495 863 594 928 deant
615 887 658 928 ex
672 863 865 929 Aristobulo
887 865 944 951 qni
965 863 1052 928 idem
1073 865 1108 927 in
1123 863 1183 926 bac
1198 874 1346 928 extrema
1360 864 1448 928 libri

494 984 588 1059 parte
609 975 728 1038 iterum
750 976 887 1038 citatur:

240 1107 274 1154 50
335 1087 410 1150 Arr.
435 1086 472 1165 7,
494 1084 553 1164 29,
575 1084 597 1147 4
619 1093 702 1147 extr.
740 1084 887 1148 Aristob.
910 1083 951 1146 fr.
972 1083 1027 1148 48.
1064 1085 1114 1149 καὶ
1142 1085 1173 1148 οἱ
1193 1085 1289 1149 πότοι
1311 1087 1365 1167 δέ,
1393 1087 1446 1150 ὼε

493 1195 578 1270 λέγει
592 1195 850 1276 Ἀριετόβουλοε,
874 1195 914 1259 οὐ
928 1199 988 1259 τοῦ
1004 1194 1097 1259 οἴνου
1113 1195 1207 1268 ,ἕνεκα
1221 1196 1335 1274 μακροὶ
1349 1195 1445 1277 αὐτῷ

494 1305 681 1387 ἐγίγνοντο,
703 1305 743 1368 οὐ
764 1306 828 1384 γὰρ
849 1303 952 1369 πίνειν
974 1305 1081 1369 πολὺν
1102 1302 1197 1369 οἶνον
1214 1305 1444 1388 Ἀλέξανδρον,

494 1413 578 1478 ἀλλὰ
605 1414 851 1494 φιλοφροεύνη(
877 1418 934 1492 τῆ(
954 1415 1000 1478 'ele
1020 1416 1098 1479 τοὺ(
1120 1413 1277 1495 ἑταίρους,
1302 1413 1444 1498 quibus-

494 1545 568 1586 cum
595 1522 793 1587 conferenda
826 1533 902 1586 sunt
928 1545 1012 1610 quae
1040 1523 1193 1610 exposuit
1220 1522 1308 1586 Plut.
1338 1523 1443 1586 Alex.

493 1633 536 1696 23
557 1634 647 1697 init:
669 1635 711 1712 ἦν
733 1635 770 1698 δὲ
791 1636 842 1699 καὶ
863 1635 945 1713 πρὸ(
965 1633 1060 1699 οἶνον
1076 1633 1174 1711 ἧττον
1189 1635 1209 1711 ἢ
1225 1634 1329 1698 ἐδόκει
1343 1655 1444 1698 κοτα-

494 1745 605 1824 φερήο
642 1745 733 1811 ἔδοξε
756 1746 792 1808 δὲ
814 1745 866 1808 διὰ
887 1745 946 1808 τὸν
968 1744 1105 1826 χρόνον,
1127 1744 1167 1808 ὃν
1184 1744 1224 1806 οὐ
1239 1745 1345 1808 πίνων
1360 1746 1445 1822 μᾶλ-

495 1859 555 1920 λον
576 1856 596 1932 ἢ
618 1857 729 1920 λαλῶν
752 1853 856 1918 εἷλκεν
872 1854 930 1933 ἐφ’
952 1853 1081 1932 isdem(
1096 1854 1235 1936 κύλικοε,
1250 1853 1301 1917 ἀεὶ
1315 1855 1443 1932 μακρόν

493 1984 565 2029 τινα
591 1964 693 2041 λόγον
716 1965 947 2044 διατιθέμενοι,
975 1964 1026 2028 καὶ
1050 1967 1151 2028 ταῦτα
1172 1965 1297 2040 πολλῆ(
1319 1967 1442 2042 εχολῆτ

495 2074 593 2153 odeat
614 2083 690 2138 cett.

291 2183 343 2246 Ea
364 2204 450 2269 quae
471 2184 507 2246 in
527 2181 703 2247 Plutarcho
725 2183 846 2247 exinde
868 2192 1048 2270 sequuntur
1070 2205 1143 2247 cum
1164 2193 1235 2247 arte
1247 2183 1441 2246 cohaerent

291 2315 364 2357 cum
391 2292 661 2357 antecedentibus
687 2303 756 2356 turn
784 2293 957 2358 manifesto
984 2292 1128 2380 produnt
1155 2295 1347 2379 scriptorem
1378 2295 1440 2378 qui

291 2403 386 2467 bonis
407 2425 447 2466 ac
468 2402 543 2467 fidis
564 2402 752 2468 auctoribus
774 2426 854 2468 usus
868 2402 1041 2489 studioque
1055 2425 1121 2468 non
1136 2402 1340 2468 dissimulato
1356 2402 1437 2465 duc·
1539 2385 1546 2478 J

293 2521 346 2576 tus
368 2514 457 2598 regis
479 2512 637 2578 laudandi
659 2524 692 2578 et
712 2512 755 2577 ab
778 2513 928 2577 inanibus
951 2523 983 2577 et
1005 2514 1136 2578 iniustis
1152 2512 1438 2576 criminationibus

291 2622 499 2707 vindicandi,
521 2623 669 2688 vividam
687 2632 720 2686 et
734 2645 847 2687 veram
862 2622 1045 2686 Alexandri
1058 2624 1235 2708 imaginem
1250 2623 1438 2708 exprimere
1545 2601 1546 2664 ἶ

291 2741 437 2798 conatur.
477 2733 648 2817 Postremo
671 2733 752 2796 baec
778 2733 944 2797 adduntur
971 2755 1100 2819 paragr.
1128 2735 1148 2796 3
1177 2743 1278 2797 extr:
1310 2735 1369 2798 τὸν
1397 2735 1437 2796 δὲ

289 2846 404 2928 πότον,
428 2844 536 2924 ὥτπερ
559 2844 696 2925 εἴρηται,
720 2845 842 2924 μακρὸν
858 2843 917 2908 ὑπ’
938 2844 1127 2924 ἀδολεεχία(
1140 2844 1283 2910 ἐξέτεινε.
1320 2839 1434 2921 Quare

290 2975 502 3040 quaecunque
522 2953 584 3018 hoc
598 2953 813 3018 Plutarcbeac
827 2951 1010 3016 Alexandri
1033 2954 1121 3016 vitae
1143 2953 1249 3039 capite
1265 2952 1435 3016 continen-
1545 2963 1546 3042 }

289 3073 343 3126 tur
363 3085 430 3127 non
444 3065 516 3128 sinc
531 3085 647 3128 caussa
661 3063 705 3126 ad
719 3062 947 3127 Aristobulum
962 3073 1115 3148 tanquam
1131 3072 1295 3126 auctorem
1310 3061 1435 3126 referre
1493 3059 1498 3067 '

289 3173 370 3236 mihi
393 3173 518 3237 videor.

827 3373 848 3450 ξ
870 3370 901 3432 5.

375 3504 485 3567 Pauca
506 3525 549 3567 ex
571 3503 623 3568 bis
644 3503 726 3569 locis
754 3503 798 3566 ad
819 3501 1030 3567 iudicandam
1052 3503 1231 3590 Ptolemaei
1252 3512 1285 3566 et
1306 3503 1432 3566 Aristo

289 3611 360 3676 buli
381 3613 478 3676 fidem
500 3615 643 3678 assecuti
657 3636 769 3678 sumus
784 3613 990 3700 praeterhac
1004 3613 1091 3699 quod
1105 3611 1326 3677 Ptolemaeum
1340 3633 1431 3698 prae-

290 3721 461 3786 ferendum
484 3745 556 3788 esse
576 3725 672 3789 nobis
694 3725 932 3812 persuasimus,
960 3723 1019 3789 ubi
1045 3725 1216 3808 utriusque
1237 3725 1331 3787 testis
1357 3743 1430 3785 nar-

290 3833 432 3898 rationes
454 3835 540 3898 inter
562 3857 598 3899 se
620 3835 817 3922 discrepant.
855 3835 970 3920 Neque
991 3833 1129 3900 multum
1149 3843 1286 3919 prosunt
1306 3832 1432 3917 reliqua

290 3943 404 4007 borum
426 3947 623 4030 scriptorum
645 3946 829 4030 fragmenta
849 3944 892 4008 ab
913 3943 987 4008 aliis
1009 3954 1213 4009 conservata.

373 4057 420 4118 At
441 4054 619 4120 Ptolemaei
646 4055 778 4141 quidem
805 4055 988 4140 fragmenta
1014 4075 1097 4139 quae
1120 4077 1187 4120 non
1207 4054 1322 4118 eadem
1342 4051 1430 4138 apud

290 4164 465 4230 Arrianum
490 4188 564 4230 cum
585 4167 726 4231 nominis
754 4166 822 4229 eius
849 4166 1006 4228 memoria
1026 4175 1195 4229 recurrant
1217 4165 1282 4229 duo
1303 4171 1430 4228 tantum

290 4283 421 4358 extant,
444 4277 505 4340 No.
520 4277 542 4340 2
557 4286 589 4340 et
603 4277 638 4339 4²
652 4278 738 4340 inter
752 4275 902 4339 Muelleri
923 4276 1122 4359 fragmenta3
1145 4277 1283 4340 alterum
1298 4272 1430 4360 quidem

290 4383 377 4469 apud
401 4385 594 4450 Strabonem
617 4387 635 4449 7
659 4407 713 4472 pg.
736 4386 796 4448 301
821 4394 905 4449 extr.
943 4383 1010 4448 Sed
1037 4386 1126 4450 idem
1153 4387 1321 4450 invenitur
1341 4381 1430 4469 apud

1257 4629 1274 4670 d
