3160 5100
705 361 893 429 ..3„

193 541 208 592 e
322 502 341 538 ⁰
369 536 405 619 o,
422 535 480 619 rs,
497 533 527 598 2.
562 533 646 600 rar.
669 534 709 600 fr.
732 535 792 618 οι,
822 535 925 598 Aust.
948 534 989 596 fr.
1012 533 1063 598 ao.
1101 529 1208 600 ταῦτα
1234 537 1270 601 u
1298 529 1374 600 orne

527 647 730 727 Πτολεμαῖος
768 646 787 710 ὁ
818 647 927 722 Λάγου
964 644 1039 711 οὔτε
1071 646 1314 727 Ἀριετόβοολοτ
1353 645 1372 710 ὁ

527 757 773 837 Ἀριττοβούλοα
789 757 990 839 ἀνέγραψαν,
1006 757 1082 822 οὐδέ
1093 778 1140 822 τι(
1151 757 1252 822 ἄλλοτ
1262 755 1374 823 ὅντινα

526 868 639 933 ἱκανὸν
662 867 702 932 άν
724 888 770 932 uc
792 868 958 947 ποιήεαιτο
981 871 1189 948 τεκμηριῶεαι
1209 866 1293 947 ὑπὲρ
1306 869 1372 932 τῶν

529 981 674 1042 τοιῶνδε.
1166 991 1167 996 ’

370 1089 404 1170 7,
425 1087 480 1168 13,
496 1087 517 1150 3
533 1095 615 1150 extr.
647 1087 753 1152 Ταῦτα
775 1089 811 1152 δὲ
834 1086 909 1152 οὔτε
931 1089 1173 1170 Ἀριττάβοολοε
1196 1087 1271 1153 οὔτε
1285 1089 1373 1153 Πτο-

529 1201 660 1279 λεμαῖος
683 1196 758 1262 οὔτε
779 1218 826 1263 τι(
849 1197 948 1263 ἄλλο(
964 1197 1149 1279 ἀνέγραψεν
1165 1198 1248 1264 derit
1263 1197 1373 1264 ἱκανά(
1452 1251 1455 1258 .

532 1307 612 1387 ὑπὲρ
634 1311 701 1374 τῶν
723 1308 881 1373 τοιούτων
904 1312 1120 1388 τεκμηριῶεαι.

370 1419 406 1499 7,
425 1417 617 1500 tuomet.
657 1419 712 1482 Καὶ
745 1421 843 1483 τοῦτο
875 1419 950 1483 οὔτε
984 1418 1029 1484 ὼ(
1062 1420 1192 1499 άτρεκὲτ
1220 1419 1294 1484 οὔτε
1329 1421 1374 1484 ὡ(

529 1527 662 1594 άπιετον
685 1528 788 1606 πάντη
805 1528 983 1608 ἀνέγραψα.
1020 1529 1105 1608 πλήν
1120 1550 1156 1606 γε
1180 1531 1219 1610 δὴ
1235 1529 1310 1594 οὔτε
1326 1550 1373 1594 ut

527 1639 692 1718 Ῥωμαίων
715 1637 796 1717 ὑπὲρ
818 1659 875 1703 τατ
896 1643 952 1718 τῆς
973 1640 1200 1721 πρετβείαύτητ
1224 1639 1269 1705 ὡς
1284 1640 1382 1718 παρά·

528 1749 739 1826 Ἀλέξανδρον
767 1749 927 1828 εταλείεητ
953 1751 1077 1830 μνήμην
1100 1749 1271 1829 ἐποιήτατό
1293 1769 1372 1826 τινα,

529 1859 604 1924 οὔτε
626 1864 692 1924 τῶν
707 1859 747 1923 τά
769 1859 980 1938 Ἀλεξάνδρου
1002 1859 1215 1938 γραψάντων,
1245 1859 1295 1925 otc
1316 1879 1374 1923 τιει

528 1970 651 2046 μᾶλλον
675 1968 739 2044 ἐγὼ
762 1971 977 2055 ξυμφέρομαι,
999 1970 1201 2048 Πτολεμαῖος
1224 1970 1243 2033 ὁ
1265 1970 1374 2047 Λάγου

530 2081 582 2143 καὶ
604 2079 853 2159 Ἀριετόβουλοτ.

370 2189 387 2254 7
397 2236 406 2270 ,
423 2188 482 2270 26,
498 2189 518 2253 3
534 2187 617 2252 Ptol.
634 2189 675 2251 fr.
690 2189 729 2250 21
755 2189 795 2254 οὐ
817 2190 930 2268 πόρρω
953 2191 989 2254 δὲ
1003 2191 1130 2256 τούτων
1146 2190 1220 2255 οὔτε
1237 2191 1372 2270 ’Aptero-

530 2298 639 2382 βούλῳ
663 2299 738 2364 οὔτε
759 2299 951 2383 Πτολεμαίῳ
974 2301 1222 2380 ἀναγέγραπται.
1247 2387 1251 2394 ἡ

228 2433 376 2514 Quorum
412 2436 671 2499 testimoniorum
708 2433 861 2520 pleraque
897 2436 943 2498 ita
979 2444 1057 2498 sunt
1092 2445 1295 2521 comparata,
1338 2444 1375 2499 ut

227 2568 269 2608 ex
291 2545 462 2630 utriusque
484 2544 653 2630 scriptoris
675 2542 806 2608 silentio
828 2544 1083 2628 demonstretur,
1106 2544 1191 2610 falsa
1206 2567 1278 2608 esse
1293 2567 1375 2631 quae

227 2655 269 2718 ab
291 2652 366 2718 aliis
393 2654 582 2719 auctoribus
612 2655 735 2718 tradita
757 2657 839 2737 sint,
867 2676 974 2741 neque
995 2655 1169 2719 mirabitur
1192 2657 1373 2741 quisquam,

227 2768 365 2830 noviens
394 2743 520 2829 tantum
547 2787 606 2852 per
635 2773 740 2829 totum
762 2766 896 2828 Arriani
925 2788 1005 2851 opus
1033 2764 1092 2830 hos
1121 2765 1203 2829 duos
1226 2775 1374 2831 auctores

229 2877 419 2941 coniunctos
442 2877 476 2938 in
499 2875 721 2939 testimonium
737 2876 863 2957 vocari,
887 2896 961 2938 cum
977 2897 1019 2939 ex
1034 2876 1246 2962 praefationis
1263 2876 1374 2940 verbis

183 3063 184 3068 ἵ
232 3008 329 3072 supra
357 2987 464 3052 citatis
492 2995 665 3072 appareat,
695 3007 733 3048 ea
759 2995 886 3050 tantum
909 2985 951 3050 ab
974 2987 1114 3051 Arriano
1136 2988 1263 3076 narrari
1292 3007 1375 3070 quae

231 3107 263 3160 et
278 3096 482 3162 Ptolemaeus
506 3105 538 3159 et
552 3095 764 3160 Aristobulus
787 3098 873 3159 inter
895 3118 930 3160 se
953 3099 1177 3183 conspirantes
1200 3098 1375 3161 memoriae

232 3207 437 3272 tradiderint.

313 3317 384 3380 Iam
408 3316 681 3404 progrediendum
704 3316 746 3379 ad
769 3338 823 3404 eos
846 3316 951 3400 locos,
975 3316 1033 3380 ubi
1049 3316 1274 3404 discrepantes
1290 3319 1375 3381 inter

229 3451 264 3493 se
292 3426 514 3492 Ptolemaeum
542 3437 575 3492 et
597 3425 822 3491 Aristobulum
849 3426 949 3489 refert
977 3428 1154 3511 Arrianus,
1186 3427 1227 3491 de
1256 3427 1375 3514 quibus

228 3537 325 3624 paulo
353 3539 515 3624 copiosius
543 3537 708 3622 agendum
730 3537 802 3600 erit.
841 3536 972 3600 Etenim
995 3559 1126 3623 sperare
1149 3537 1227 3602 licet
1248 3537 1317 3605 fore
1339 3547 1376 3602 ut

229 3670 271 3711 ex
299 3648 368 3712 eius
396 3647 485 3712 modi
513 3646 592 3712 locis
625 3657 796 3736 appareat,
829 3669 1002 3734 quamnam
1029 3647 1128 3712 fidem
1155 3657 1189 3712 et
1215 3647 1375 3712 Arrianus

228 3762 357 3845 utrique
379 3759 531 3844 scriptori
553 3758 678 3822 tribuat
701 3767 732 3822 et
754 3779 812 3821 nos
835 3758 979 3823 tribuere
1001 3757 1190 3825 debeamus.

766 3997 839 4079 γα.

199 4164 202 4170 -
229 4132 429 4201 Ptolemaei
453 4134 491 4200 et
506 4131 712 4200 Aristobuli
727 4132 937 4199 testimonia
951 4134 1052 4199 inter
1066 4149 1104 4198 se
1119 4132 1375 4214 discrepantia.

179 4321 212 4369 10
272 4290 348 4354 Arr.
371 4289 411 4370 3,
435 4287 471 4368 3,
495 4287 525 4351 5.
542 4286 571 4350 6.
601 4287 687 4352 Ptol.
704 4287 744 4350 sr.
761 4285 796 4369 73
819 4285 966 4350 Aristob.
988 4285 1028 4349 fr.
1045 4285 1074 4349 9.
1091 4285 1248 4350 Narravit
1264 4286 1375 4350 Arria-

432 4421 510 4479 nus,
533 4398 694 4460 incertum
716 4405 872 4481 vagatum
895 4418 966 4460 esse
983 4395 1164 4461 Alexandri
1185 4398 1376 4478 exercitum,

1137 4522 1150 4568 1
1157 4516 1173 4548 Ψ
