3160 5100
281 1335 442 1399 Arrianus
464 1332 711 1400 Nicomedensis
736 1356 807 1398 cum
824 1329 931 1398 Anab.
952 1336 985 1414 l,
1011 1333 1065 1415 12,
1088 1333 1109 1396 2
1132 1333 1235 1398 dicat:
1261 1331 1341 1399 ὥετε

196 1447 282 1510 πολὺ
311 1449 402 1526 μεῖον
433 1447 639 1522 γιγνώεκεται
666 1449 706 1511 τὰ
729 1445 939 1523 Ἀλεξάνδρου
961 1445 980 1523 ἢ
1003 1446 1042 1508 τά
1064 1445 1253 1524 φαυλότατα
1274 1447 1341 1509 τῶν

197 1556 296 1620 πάλαι
318 1555 441 1636 ἔργων,
471 1555 603 1640 egregie
625 1553 808 1618 Alexandri
835 1575 943 1616 rerum
972 1553 1130 1616 rationem
1160 1554 1340 1640 perspexit.

197 1663 344 1742 Quarum
373 1665 415 1727 de
442 1663 588 1729 fontibus
616 1674 705 1729 recte
726 1663 940 1728 aestimandis
968 1665 1090 1748 insigni
1113 1663 1288 1749 prudentia
1310 1672 1342 1726 et

197 1795 292 1860 quam
307 1775 342 1836 in
357 1773 451 1838 illius·
461 1776 578 1838 aetatis
595 1775 752 1860 scriptore
768 1775 825 1836 vix
842 1775 922 1837 satis
937 1774 1064 1838 mireris
1077 1795 1148 1838 eam
1160 1774 1224 1838 sibi
1236 1773 1342 1858 legem

197 1883 345 1948 condidit
372 1882 414 1946 de
442 1906 506 1970 qua
533 1885 568 1947 in
594 1884 798 1971 praefatione
825 1885 872 1948 ita
897 1885 1064 1970 exposuit:
1092 1885 1295 1964 Πτολεμαῑοε
1321 1884 1340 1948 ὁ

196 1995 306 2072 Λάγου
328 1996 378 2060 καὶ
394 1996 635 2076 Ἀριετόβουλοε
658 1995 937 2076 ὁἈριετοβούλου
960 1995 1019 2060 dcc
1041 1997 1099 2074 μὲν
1121 1994 1221 2059 ταύτὰ
1243 1994 1341 2075 ἄμφω
1411 2035 1416 2042 -

196 2105 270 2183 περὶ
281 2105 493 2183 Ἀλεξάνδρου
507 2110 567 2171 τοῦ
578 2106 740 2170 Φιλίππου
756 2106 972 2187 ξυνέγραψαν,
983 2109 1082 2169 ταῦτα
1098 2106 1161 2181 ἐγὼ
1178 2105 1223 2170 ὼε
1238 2105 1342 2182 πάντη

199 2215 299 2293 ἀληθῆ
323 2213 521 2295 ἀναγράφω,
546 2215 604 2279 deo
626 2217 662 2279 δὲ
686 2215 725 2279 οὐ
740 2213 855 2297 ταύτά,
878 2215 1004 2282 τούτων
1025 2216 1065 2280 τὰ
1087 2215 1257 2293 πιετότερα
1272 2215 1344 2296 ἐμοὶ

199 2324 381 2405 φαινόμενα
402 2324 455 2389 καὶ
476 2323 540 2403 ἅμα
562 2323 838 2405 ἀξιαφηγητότερα
854 2325 1085 2405 ἐπιλεξάμενος.
1123 2323 1257 2388 Scilicet
1271 2345 1343 2387 eam
1390 2339 1393 2345 ·

197 2454 343 2496 normam
359 2441 490 2496 secutus
507 2441 567 2513 est,
584 2442 621 2496 ut
636 2455 847 2519 quaecunque
862 2433 1069 2498 Ptolemaeus
1085 2443 1117 2497 et
1133 2433 1343 2498 Aristobulus

199 2543 439 2607 consentientes
455 2543 541 2606 inter
556 2564 591 2607 se
606 2544 782 2608 memoriae
796 2542 1029 2630 prodidissent,
1046 2565 1084 2606 ea
1098 2553 1252 2630 tanquam
1267 2566 1345 2608 vera

199 2652 430 2734 conscriberet,
446 2653 632 2738 ubicunque
647 2654 732 2717 inter
748 2631 783 2716 se
798 2651 1024 2735 dissentirent,
1041 2653 1193 2738 seligeret
1208 2676 1246 2718 ea
1262 2676 1344 2740 quae

202 2771 234 2826 et
255 2763 322 2826 fide
343 2773 375 2828 et
398 2765 583 2828 narratione
606 2763 757 2848 digniora
779 2764 980 2829 viderentur.

285 2873 450 2938 Itinerarii
468 2875 554 2959 quod
570 2883 690 2937 vocant
705 2873 888 2937 Alexandri
900 2897 992 2938 usum
1010 2874 1156 2938 consulto
1172 2897 1236 2938 non
1252 2875 1344 2939 adhi-

200 2984 266 3047 bui.
283 2982 385 3046 Ouius
394 2985 576 3048 accuratius
584 3005 721 3048 examen
733 3005 806 3049 cum
818 2983 1017 3069 reliquorum
1028 2985 1168 3050 fontium
1181 3006 1344 3071 compara-

199 3093 288 3156 tione
309 3093 374 3156 alio
396 3091 467 3156 loco
489 3093 675 3176 instituam,
699 3117 773 3159 cum
790 3095 980 3182 praesertim
1001 3116 1105 3181 nuper
1121 3094 1146 3158 O
1163 3093 1273 3178 Kluge
1290 3095 1345 3180 (de

200 3203 366 3267 itinerario
383 3202 564 3266 Alexandri
581 3204 845 3288 Magni'Vratisl.
864 3205 960 3291 1861)
983 3203 1070 3268 haud
1093 3205 1163 3268 sine
1185 3204 1296 3268 fructu
1313 3214 1344 3269 et
1362 3251 1366 3257 -

199 3313 356 3377 IZacher
371 3312 721 3398 (Pseudocallisthenes
743 3313 820 3378 Hal.
838 3314 919 3379 1867
936 3337 991 3401 pg.
1007 3315 1149 3398 48-84)
1168 3316 1343 3379 accuratis-

200 3425 282 3486 sime
310 3423 564 3509 doctissimeque
591 3424 675 3488 hanc
704 3423 927 3511 quaestionem
954 3427 1178 3489 tractaverint.
1224 3425 1345 3489 Verum

199 3533 273 3598 nolo
296 3534 472 3621 praeterire
499 3533 699 3598 simillimam
725 3556 834 3598 rerum
852 3534 1036 3599 Alexandri
1065 3558 1083 3598 e
1111 3535 1345 3600 diversissimis

200 3645 388 3708 auctoribus
411 3644 453 3707 ad
475 3645 556 3710 artis
572 3667 718 3709 normam
733 3643 1030 3732 componendarum
1045 3645 1151 3730 legem
1166 3645 1229 3710 sibi
1245 3647 1345 3732 scrip·

202 3757 284 3818 sisse
312 3754 478 3818 Itinerarii
512 3765 678 3819 auctorem
712 3777 785 3818 cum
820 3755 943 3819 dixerit
972 3777 1042 3840 cap.
1070 3755 1107 3818 2:
1141 3755 1225 3820 ‘Sed
1260 3757 1346 3818 enim

203 3868 352 3950 quamvis
381 3866 542 3930 factorum
571 3867 777 3950 egregiorum
804 3867 899 3951 inops
929 3866 1042 3950 lingua
1064 3867 1157 3930 testis
1180 3865 1346 3950 ignobilis,

202 3995 262 4056 ego
284 3978 393 4038 tamen
414 3976 448 4039 id
471 3977 613 4039 humeris
637 3977 737 4040 subeo
760 3997 825 4039 non
847 3977 930 4040 meis
945 3976 1066 4058 fretus,
1089 3997 1203 4038 verum
1219 3960 1348 4039 externi

202 4085 327 4168 ingenii
350 4084 488 4150 viribus.
525 4087 595 4150 Nec
617 4085 658 4149 de
681 4086 864 4172 loquacium
887 4107 1020 4151 numero
1037 4085 1159 4150 vilibus
1175 4107 1253 4148 usus
1276 4107 1347 4148 sum

117 4219 119 4222 ’
202 4193 407 4274 auctoribus,
434 4195 492 4258 sed
516 4220 595 4283 quos
618 4197 695 4259 fidei
716 4198 931 4261 amicissimos
953 4209 1033 4261 velus
1054 4216 1183 4260 censura
1205 4217 1346 4283 pronun-

202 4305 284 4388 ciat,
309 4325 454 4390 quosque
473 4306 548 4369 istic
571 4330 634 4392 qua
656 4309 748 4392 potui
770 4307 833 4371 tibi
856 4308 1047 4370 circumcisa
1063 4307 1143 4370 satis
1159 4307 1348 4370 curiositate

204 4414 337 4500 collegi,
366 4413 514 4478 adhibito
543 4438 619 4479 sane
648 4417 821 4482 verborum
850 4416 938 4481 cultu
969 4417 1165 4496 restrictius,
1195 4418 1348 4502 quoniam

254 4527 280 4568 A.
295 4527 411 4575 senemr,
426 4526 547 4566 Analecta.
1131 4544 1144 4590 1
