3160 5100
634 1215 1005 1302 PRAEFATIO.

325 1605 371 1688 In
393 1625 517 1689 famosa
538 1627 594 1690 illa
614 1649 725 1690 caussa
740 1627 912 1709 Harpalica
933 1628 1100 1690 tractanda
1113 1651 1216 1712 nuper
1230 1652 1281 1694 me
1297 1635 1393 1719 occul

220 1748 351 1828 'patum
394 1745 479 1807 ultro
516 1746 595 1831 haec
628 1747 772 1830 quaestio
807 1745 921 1809 detulit
948 1745 988 1809 ad
1017 1747 1147 1812 Arriani
1179 1750 1278 1814 libros
1307 1773 1387 1834 quos

241 1864 348 1927 nescio
372 1887 436 1947 qua
450 1866 640 1929 auctoritate
663 1866 749 1928 ducti
772 1859 957 1928 Anabaseos
980 1865 1076 1928 titulo
1098 1888 1284 1951 nuncupare
1307 1869 1386 1933 sole·

239 2005 319 2046 mus.
357 1983 451 2046 Prius
466 2005 542 2047 vero
565 2006 661 2067 quam
683 1984 875 2066 praestantis
897 1983 983 2046 illius
999 1984 1163 2066 scriptoris
1185 1987 1386 2051 narrationes

239 2123 346 2163 meum
368 2102 404 2163 in
418 2124 512 2164 usum
534 2105 768 2185 converterem,
791 2103 826 2165 in
841 2101 948 2165 fontes
970 2102 1197 2185 inquirendum
1220 2127 1287 2169 esse
1310 2106 1386 2168 duxi

240 2220 355 2302 quibus
382 2242 458 2283 usus
485 2220 584 2283 libros
617 2243 691 2283 suos
727 2222 951 2304 composuerit.
1006 2220 1168 2285 Nimirum
1199 2223 1265 2286 vidi
1299 2224 1385 2286 viros

239 2338 349 2403 doctos
371 2339 410 2401 de
433 2340 572 2403 Arriano
595 2339 696 2422 deque
724 2343 791 2403 eius
819 2339 963 2403 fontibus
991 2339 1074 2402 hane
1101 2340 1168 2403 fere
1195 2340 1385 2405 informasse

239 2457 446 2540 sententiam,
475 2461 512 2520 ut
534 2458 709 2521 Arrianum
731 2458 950 2541 antiquiorum
978 2457 1169 2540 scriptorum
1198 2460 1288 2522 libris
1316 2464 1385 2523 tan-

238 2599 334 2660 quam
363 2577 553 2660 supellectili
575 2577 683 2660 ampla
710 2599 747 2640 ac
769 2577 858 2640 lauta
879 2576 1071 2640 instructum
1094 2600 1132 2641 ex
1161 2579 1211 2641 his
1238 2583 1384 2643 accurate

237 2696 322 2759 inter
351 2718 384 2759 se
417 2698 609 2778 comparatis
637 2696 817 2759 Alexandri
852 2717 958 2759 rerum
986 2697 1173 2760 memoriam
1200 2698 1304 2782 magis
1333 2719 1383 2761 ex-

237 2816 389 2898 cerpsisse
412 2838 508 2898 quam
531 2816 684 2879 continua
705 2805 889 2880 narratione
913 2816 1139 2898 conscripsisse
1154 2817 1381 2881 existimarent.

236 2934 348 3018 Itaque
363 2935 536 2998 nemodum
552 2935 711 2998 dubitavit
725 2935 804 3018 quin
818 2938 986 3018 statueret,
1010 2939 1170 3018 quotquot
1185 2935 1239 2998 ille
1255 2957 1382 2998 enume-

236 3053 444 3136 raretfontes,
456 3075 510 3117 eos
521 3075 631 3117 omnes
643 3054 887 3136 aepotissimum
900 3053 1027 3137 quidem
1035 3054 1253 3118 Ptolemaeum
1260 3055 1382 3118 Aristo-

237 3172 411 3256 bulumque
434 3172 473 3235 ad
495 3194 608 3275 manus
631 3173 661 3235 ei
688 3172 796 3236 fuisse.
846 3171 925 3236 Esse
947 3176 1056 3235 tamen
1083 3173 1119 3234 in
1140 3172 1201 3236 hac
1223 3174 1382 3237 sententia

236 3292 321 3374 quod
341 3290 482 3354 offendat
503 3313 570 3354 non
592 3292 684 3373 potui
706 3313 773 3355 non
795 3291 1057 3355 animadvertere.
1103 3291 1234 3355 Etenim
1256 3292 1284 3355 si
1307 3314 1381 3356 vere

235 3432 285 3472 res
314 3410 360 3473 ita
381 3431 414 3472 se
442 3409 554 3493 habet,
583 3411 700 3474 mirum
728 3415 884 3494 quantum
912 3410 1082 3475 discrimen
1107 3410 1276 3475 intercedit
1297 3412 1381 3474 inter

141 3512 146 3518 ³
236 3529 411 3592 Arrianum
433 3532 465 3592 et
487 3529 627 3611 reliquos
648 3530 735 3592 illius
757 3530 911 3613 temporis
933 3529 1103 3613 scriptores
1126 3529 1267 3594 eiusdem
1289 3551 1381 3614 argu-

234 3648 350 3729 menti,
389 3668 443 3710 eos
472 3647 557 3731 dico,
595 3648 651 3731 qui
683 3670 750 3712 non
773 3647 891 3711 oculati
920 3651 1017 3712 testes
1040 3669 1170 3712 suorum
1198 3652 1380 3732 temporum

234 3743 437 3849 memoriam,
460 3766 515 3830 sed
537 3767 727 3849 praeteritae
755 3767 869 3830 aetatis
890 3788 940 3830 res
971 3770 1077 3850 gestas
1099 3789 1138 3830 cx
1161 3768 1380 3850 antiquiorum

233 3885 425 3967 scriptorum
439 3884 529 3948 libris
544 3889 688 3968 repetere
703 3885 876 3950 studerent.
914 3885 1011 3949 Valet
1025 3887 1060 3949 in
1075 3907 1129 3950 eos
1145 3887 1177 3950 id
1193 3885 1279 3970 quod
1293 3889 1326 3950 A
1341 3885 1379 3949 de

107 4013 112 4036 ²
233 4003 424 4068 Gutschmid
446 4003 580 4088 (Philol.
606 4005 660 4089 ll,
683 4026 737 4090 pg.
762 4005 853 4090 149),
877 4005 915 4068 de
937 4006 1124 4088 posterioris
1146 4005 1260 4069 aetatis
1282 4005 1379 4089 serip-

232 4123 356 4187 toribus
377 4123 504 4187 loeutus
533 4145 613 4206 quos
641 4124 857 4208 sophistarum
885 4124 995 4208 generi
1022 4125 1158 4188 fidenter
1179 4124 1377 4222 adnumerpt,

231 4242 455 4325 pronuntiavit
477 4249 560 4307 ‘non
583 4243 615 4306 id
638 4265 693 4307 eos
721 4244 837 4328 egisse,
865 4245 902 4306 ut
928 4264 978 4306 res
1006 4243 1160 4307 memoria
1192 4243 1306 4328 dignas
1339 4266 1377 4308 ex

232 4360 454 4428 diversissimis
477 4363 654 4445 quibusque
677 4362 884 4444 scriptoribus
907 4364 1071 4445 excerptas
1094 4361 1257 4427 adsertae
1286 4385 1376 4447 quas-
