3160 5100
234 589 266 639 63
341 581 501 644 Arrian.
525 578 649 642 Anah.
673 578 708 658 7,
731 577 783 642 25.

333 715 389 782 Καὶ
417 717 449 781 αἱ
478 716 626 797 βαείλειοι
659 713 847 796 έφημερίδεε

284 827 348 894 ὧδε
370 827 485 907 έχουει.

326 960 845 1047 ιι.1.πίνεινπαρὰΜηδίῳαύτὸν
939 962 1023 1044 p.1.
1059 960 1475 1046 Ὀϊδόθέπὶδεκάῖίλ
1526 991 1554 1066 ,λ

285 1073 482 1154 κυιμάεαντα.
508 1073 618 1138 ἔπειτα
633 1069 847 1139 έξαναετάντα

284 1185 336 1248 καί
358 1183 557 1262 λουεάμενον
580 1181 744 1248 καθεύδειν
760 1200 794 1245 τε

327 1313 357 1356 a.
369 1291 400 1354 2.
416 1293 468 1357 καλ
482 1291 572 1356 αὖθις
587 1293 727 1357 δειπνεῖν
742 1291 848 1369 παρὰ

287 1403 423 1488 Μηδίῳ
444 1404 496 1468 καί
510 1402 600 1468 αὖθι(
615 1401 718 1468 πίνειν
733 1401 847 1479 πόρρω

284 1517 349 1579 τῶν
372 1516 513 1579 νυκτῶν’
543 1512 790 1592 ἀπαλλαχθέντα
812 1511 847 1575 δὲ

283 1627 343 1689 τού
365 1624 469 1690 πότου
493 1624 670 1689 λούεαεθαι.
697 1623 748 1687 καὶ
770 1625 845 1686 λου-

989 578 1090 643 Ρίυί.
1114 575 1230 642 Alex.
1254 577 1312 660 76,
1340 579 1375 640 1.

898 716 948 782 Ἐν
981 717 1017 780 δὲ
1056 719 1126 782 ταῖε
1156 714 1338 796 ἐφημερίειν
1382 713 1475 778 οὕτω
1550 732 1551 747 ’

897 827 1071 906 γέγραπται
1099 827 1138 891 τὰ
1165 826 1238 904 περὶ
1264 826 1322 906 τὴν
1351 823 1474 890 νόεον.

897 1067 1034 1140 Δαιείου
1057 1073 1157 1153 μηνδε
1173 1071 1343 1136 ἐκάθευδεν
1362 1071 1407 1136 έν
1427 1078 1474 1153 τῷ

898 1187 1058 1264 λουτρῶνι
1080 1182 1132 1247 διὰ
1153 1183 1191 1247 τὸ
1213 1182 1355 1260 πυρέξαι.

890 1369 894 1377 ,
941 1317 973 1380 p.
989 1293 1021 1356 2.
1059 1293 1111 1376 Τῇ
1139 1291 1172 1355 δ’
1196 1292 1282 1369 ἑξῆε
1304 1292 1472 1371 λυυεάμε-

898 1425 957 1470 νοε
989 1404 1034 1469 είε
1065 1403 1124 1468 τὸν
1152 1401 1297 1482 θάλαμον
1325 1403 1471 1482 μετῆλθε

898 1516 950 1580 καὶ
982 1513 1145 1593 διημέρευε
1178 1514 1274 1592 πρόε
1304 1513 1470 1592 Μήδιον

898 1624 1050 1705 κυβεύων.
1084 1622 1142 1689 εἶτ’
1168 1622 1233 1702 ὀψὲ
1261 1623 1469 1702 λουεάμενοε

284 1732 844 1814 εάμενονόλίγοντιέμφαγεῑνκαὶ
870 1734 1007 1800 ..καὶτὰ
1031 1732 1102 1811 ἱερὰ
1128 1735 1195 1797 τοῑε
1223 1735 1310 1797 θεοί(
1338 1732 1468 1797 έπιθείε

283 1845 451 1910 καθεύδειν
474 1844 590 1926 αὐτοῦ,
613 1845 662 1909 δ’τι
684 1845 745 1922 ἤδη
768 1842 843 1907 ἐπύ-

284 1974 401 2033 ρεεεεν.

326 2085 356 2128 α.
373 2065 404 2128 3.
427 2065 649 2144 έκκομιεθέντα
662 2047 698 2129 δέ
714 2065 766 2129 έπί
781 2066 844 2128 κλί-

283 2195 342 2254 νηε
363 2177 446 2255 πρὸ(
468 2176 507 2240 τὰ
529 2174 599 2254 ίερὰ
620 2179 709 2240 θύεαι
731 2174 845 2254 Qvi)-

284 2304 343 2365 μοι
366 2285 419 2366 ἐφ’
440 2285 552 2369 ἑκάετῃ
578 2285 696 2369 ἡμέρᾳ,
729 2286 781 2349 καί
807 2286 847 2349 τὰ

283 2394 354 2473 ἱερὰ
370 2395 519 2460 ἐπιθέντα
534 2398 731 2460 κατακεῖεθαι
750 2394 785 2460 ἐν
801 2400 847 2476 τῷ

284 2503 426 2596 ἀνδρῶνι
458 2505 526 2570 έετε
561 2505 614 2570 έπί
642 2505 777 2584 κνέφαε·
810 2505 845 2570 έν

283 2615 388 2700 τούτῳ
419 2616 456 2680 δὲ
480 2618 548 2680 τοῑε
569 2614 698 2694 ἡγεμόει
726 2634 845 2693 παραγ-

284 2725 409 2802 γέλλειν
421 2724 502 2804 ὑπὲρ
513 2729 569 2803 τῆε
580 2724 712 2804 πορεία(
724 2726 775 2789 καὶ
787 2727 845 2789 τοῦ

284 2838 388 2918 πλού,
410 2835 488 2900 τοὺ(
509 2836 566 2915 μέν
584 2836 629 2900 ὡε
643 2841 722 2920 πεζῇ
739 2835 846 2901 ἰόντα(

284 2945 573 3025 παραεκευάῑεεθαι
616 2945 649 3010 ἐι
692 2945 846 3025 τετάρτην

181 3097 184 3102 -
287 3055 425 3138 ἡμέραν,
447 3056 525 3120 τοὺ(
546 3057 582 3120 δὲ
604 3055 668 3134 ἅμα
684 3054 717 3119 οί
730 3057 847 3121 πλέον·

287 3185 343 3230 ται
366 3165 411 3230 ῶε
432 3165 477 3231 εἰε
504 3165 649 3244 πέμπτην
673 3166 845 3244 πλευεομέ-

286 3295 373 3339 νουε.
398 3274 518 3340 ἐκεῖθεν
534 3277 570 3340 δὲ
584 3279 846 3354 κατακομιτθῆναι

261 3405 264 3412 “
285 3383 338 3448 ἐπὶ
359 3386 415 3462 τῆε
436 3387 545 3463 κλίνη(Ι
567 3385 611 3450 ῶε
633 3386 685 3451 ἐπὶ
706 3386 765 3450 τὸν
785 3406 845 3451 πυ-

285 3492 397 3576 ταμόν,
412 3494 464 3558 καὶ
478 3493 632 3575 ἐπβιάντα
646 3496 763 3560 πλοίου
779 3501 845 3560 δια-

285 3605 417 3667 πλεῡεαι
439 3604 541 3684 πέραν
563 3608 622 3669 τού
644 3609 791 3686 ποταμοῦ
813 3605 845 3671 έε

285 3712 344 3777 τὸν
381 3714 594 3796 παράδειεον,
631 3713 720 3781 κάκεί
756 3715 845 3780 αὖθις

202 3855 221 3874 ·
287 3821 487 3900 λουεάμενον
509 3822 736 3891 ἀναπαύεεθαι.

327 3951 356 3994 α.
372 3931 403 3994 4.
434 3932 467 3997 ἐε
486 3933 522 3996 δὲ
543 3935 612 4012 τὴν
636 3935 845 4015 ύετεραίαν

286 4041 454 4108 λούεαεθαί
485 4062 521 4106 τε
557 4041 648 4109 αύθιε
674 4047 727 4110 καὶ
755 4049 844 4110 θύται

287 4151 327 4215 τὰ
342 4152 540 4232 νομιζόμενα.
569 4154 619 4219 καλ
641 4153 685 4220 εἰε
708 4156 768 4234 τὴν
790 4175 843 4219 κα-

289 4259 392 4337 μάραν
430 4261 613 4327 εἰεελθόντα
648 4268 843 4331 κατακεῑεθαι

286 4373 583 4448 διαμυθολογοῦντα
605 4373 686 4453 πρὸ(
709 4375 843 4454 Μήδιον.

896 1845 1084 1927 έμφαγῶν
1095 1843 1147 1906 διὰ
1158 1844 1272 1907 νυκτὸε
1286 1843 1462 1921 ἐπύρεξεν·

1551 913 1555 986 ί
