3160 5100
649 315 859 420 -43'-

178 523 363 590 Aristobuli
398 548 495 612 opera
522 525 563 589 ad
592 549 723 590 manum
751 527 871 610 luisse,
903 549 1035 591 necesse
1058 539 1143 593 esset
1169 539 1226 594 aut
1254 553 1326 594 eum

180 657 222 699 ex
245 636 458 723 praefationis
487 635 543 701 illa
571 636 643 722 lege
665 636 789 703 violata
809 659 962 704 accusare
969 689 978 722 ,
1011 648 1068 704 aut
1097 639 1328 727 inexplicatum

180 769 249 810 rom
271 746 466 834 relinquere.
504 746 619 814 Velut:

126 902 161 950 os
222 885 296 948 Arr.
320 885 356 967 6,
382 887 436 965 11,
460 886 480 949 3
509 883 713 950 vulneratum
742 907 813 952 csse
842 885 1068 952 Alexandrum
1095 869 1327 974 apud'Mallos

381 995 526 1060 referens
549 997 595 1060 ita
617 994 777 1083 loquitur:
802 999 914 1070 αὐτίκα
930 998 966 1065 ἐν
982 998 1186 1079 Ὀξυδράκαις
1207 999 1245 1063 τὸ
1268 999 1327 1063 πά-

382 1114 465 1188 θημα
487 1112 583 1174 τοῦτο
606 1108 752 1186 γενέςθαι
768 1109 966 1193 Ἀλεξάνδρῳ
989 1110 1007 1174 ὁ
1031 1113 1093 1174 πᾶς
1118 1109 1215 1187 λόγος
1237 1111 1327 1174 κατέ-

383 1239 439 1298 χει.
472 1219 511 1284 τὸ
532 1219 567 1284 δὲ
591 1219 626 1285 ἐν
643 1219 789 1285 Μαλλοῖς
812 1219 896 1286 ἔθνει
920 1220 1092 1304 αὐτονόμῳ
1115 1221 1234 1303 Ἰνδικῷ
1256 1225 1326 1286 Ξυν-

382 1331 438 1410 έβη
467 1338 542 1394 cett.
580 1329 665 1394 Item
695 1327 888 1394 Plutarchus
911 1327 1008 1393 Alex.
1033 1329 1089 1411 73,
1118 1329 1245 1394 2hanc
1266 1331 1327 1394 Ar-

382 1440 475 1505 riano
497 1441 592 1504 unice
614 1438 785 1526 probatam
803 1441 1021 1505 narrationem
1037 1448 1167 1505 secutus
1183 1442 1265 1520 πρὸς
1281 1442 1326 1522 δέ,

382 1551 444 1632 ait,
472 1554 541 1616 τοῖς
570 1552 781 1633 καλουμένοις
812 1553 972 1630 Μαλλοῖς,
1009 1552 1066 1617 οὕς
1093 1539 1191 1633 φαςιν
1219 1552 1327 1616 Ἰνδῶν

384 1661 626 1742 μαχιμωτάτους
648 1663 808 1740 γενέςθαι,
833 1663 945 1744 μικρὸν
968 1663 1075 1744 ἐοὲηςε
1097 1665 1324 1741 κατακοπῆναι.

181 1796 310 1876 Quodsi
333 1795 482 1862 nolumus
506 1807 648 1862 statuere
670 1798 1007 1884 Plutarchum'aeque
1029 1807 1127 1884 atque
1149 1798 1327 1861 Arrianum

181 1916 293 1970 contra
315 1911 373 1975 τὸν
396 1908 501 1974 πάντα
524 1909 624 1985 λόγον
648 1930 725 1972 vere
748 1909 938 1975 historicam
953 1909 1173 1974 narrationem
1189 1929 1230 1971 ex
1245 1908 1326 1994 ipsis

178 2015 363 2082 Aristobuli
386 2018 458 2082 sive
474 2018 651 2084 Ptolemaei
667 2021 820 2107 operibus
843 2019 1006 2102 hausisse,
1031 2018 1118 2106 quod
1142 2018 1212 2083 veri
1227 2039 1326 2105 quam

180 2127 223 2190 sit
246 2126 405 2192 dissimile
427 2138 542 2214 sponte
564 2129 733 2215 intelleget
755 2131 940 2217 quicunque
963 2129 1131 2196 Plutarchi
1154 2138 1325 2194 consuetu-

180 2236 290 2302 dinem
318 2240 524 2323 cognoverit,
556 2250 809 2305 consentaneum
838 2250 901 2322 est,
930 2250 1103 2326 utrumque
1133 2240 1326 2326 scriptorem

180 2347 263 2412 hano
287 2349 379 2413 unice
402 2369 513 2412 veram
535 2351 724 2416 memorium
752 2353 914 2416 communi
936 2350 1055 2415 debere
1082 2351 1176 2416 fonti.
1214 2348 1328 2435 Neque

181 2459 266 2522 enim
290 2479 405 2525 vereor
427 2481 468 2523 ne
496 2459 576 2524 mihi
599 2459 778 2544 obiciatur,
807 2463 878 2526 lieri
904 2483 1001 2548 posse
1023 2470 1060 2525 ut
1081 2460 1241 2524 Arrianus
1270 2481 1328 2522 sua

181 2591 198 2631 ο
221 2567 396 2635 Plutarcho
420 2571 605 2658 sumpserit.
642 2571 715 2637 Hoc
737 2572 802 2635 iam
823 2581 996 2658 propterea
1019 2571 1088 2634 lieri
1117 2591 1248 2658 prorsus
1271 2591 1327 2632 ne-

181 2681 269 2766 quit,
293 2679 379 2766 quod
396 2681 555 2745 Arrianus
579 2682 613 2745 in
635 2682 686 2746 his
709 2683 790 2769 ipsis
813 2680 892 2748 locis
908 2681 966 2746 ubi
981 2704 1054 2746 oum
1070 2679 1244 2746 Plutarcho
1260 2688 1327 2745 tam

181 2789 339 2874 singulari
361 2792 458 2857 modo
482 2793 648 2879 conspirat
670 2792 758 2856 haud
780 2815 852 2859 raro
874 2793 985 2859 multo.
999 2792 1184 2858 uberiorem
1206 2811 1326 2855 memo-

180 2900 263 2964 riam
286 2902 447 2983 servavit,
471 2924 554 2989 quae
576 2912 685 2967 tamen
707 2905 754 2968 ita
776 2912 825 2967 est
848 2914 1034 2992 comparata
1055 2912 1092 2967 ut
1114 2925 1179 2967 non
1200 2900 1326 2967 addita-

181 3011 281 3077 menti
304 3011 436 3076 aliunde
459 3013 553 3099 petiti
576 3015 717 3100 speciem
741 3036 818 3100 prae
841 3037 875 3078 se
898 3015 1000 3098 ferat,
1024 3035 1138 3077 verum
1154 3034 1197 3076 ex
1212 3010 1327 3078 eodem

180 3120 268 3185 unde
295 3119 440 3208 reliquae
469 3124 666 3188 narrationis
698 3125 878 3209 particulae
906 3146 1053 3190 manasse
1080 3131 1246 3212 appareat.
1283 3120 1326 3186 cf.

181 3253 219 3295 ea
241 3253 324 3319 quae
346 3232 418 3297 dixi
441 3231 483 3298 ad
505 3234 567 3302 No.
589 3233 641 3324 (33.
663 3256 718 3321 pg.
741 3235 793 3300 38.

265 3374 372 3440 Addit
393 3378 569 3460 Arrianus,
598 3377 752 3444 similiter
776 3381 949 3468 plerosque
976 3382 1010 3445 in
1037 3400 1075 3444 eo
1105 3399 1211 3443 errare
1240 3377 1327 3462 quod

130 3569 133 3576 Ι
181 3507 332 3570 magnam
351 3486 440 3552 illam
462 3488 646 3554 Alexandri
661 3491 832 3557 victoriam
856 3494 896 3557 de
910 3489 1014 3554 Dario
1036 3497 1236 3575 reportatam
1257 3508 1327 3552 esse

164 3605 351 3663 autument
374 3597 417 3662 ad
439 3597 580 3681 Arbela,
604 3623 668 3664 non
690 3602 732 3665 ad
756 3601 969 3688 Gaugamela,

131 3754 163 3803 es
224 3733 299 3798 Arr.
323 3733 359 3816 6,
385 3734 440 3817 11,
464 3735 485 3797 4
507 3721 580 3801 ἐπει
598 3739 649 3803 καὶ
670 3739 729 3817 τὴν
751 3741 937 3807 τελευταίαν
960 3741 1064 3821 μάχην
1087 3743 1145 3820 τήν
1161 3741 1243 3822 πρὸς
1258 3741 1326 3807 Δα-

308 3881 311 3886 ·
384 3848 473 3926 ρεῖον
495 3847 673 3929 γενομένην
698 3885 736 3894 -
760 3850 843 3929 πρὸς
865 3851 1029 3932 Ἀρβήλοις
1056 3853 1201 3928 γενέςθαι
1224 3851 1242 3916 ὁ
1265 3855 1327 3916 πᾶς

384 3956 483 4034 λόγος
503 3959 637 4037 κατέχει.
660 3993 702 4004 -
723 3960 864 4041 Ἄρβηλα
885 3962 921 4027 δὲ
946 3965 1005 4028 τοῦ
1028 3965 1137 4043 χώρου
1160 3963 1195 4028 ἐν
1219 3963 1245 4048 ᾧ
1269 3964 1326 4042 τὴν

384 4066 519 4148 ἐςχάτην
531 4068 635 4150 μάχην
648 4071 789 4151 Δαρεῖός
800 4093 834 4137 τε
846 4073 898 4137 καὶ
912 4073 1121 4154 Ἀλέξανδρος
1133 4072 1326 4153 ἐμαχέςαντο

384 4177 494 4258 οἱμὲν
517 4179 710 4246 τὰπλεῑςτα
736 4182 977 4264 Ξυγγράψαντες
1006 4185 1152 4260 λέγουςιν
1181 4182 1230 4248 ὅτι
1258 4183 1326 4250 ἑξα-

383 4286 509 4353 κοςίους
531 4291 677 4358 tration<
700 4293 811 4372 ἀπέχει
818 4343 827 4375 ,
852 4294 883 4358 οἱ
905 4295 1002 4360 δὲτὰ
1024 4295 1188 4374 ἐλάχιςτα,
1217 4292 1266 4358 ὅτι
1294 4294 1327 4359 ἐς

384 4400 619 4466 πεντακοςίους.
656 4403 753 4468 Ἀλλά
781 4404 816 4469 ἐν
842 4407 1058 4486 Γαυγαμήλοις
1090 4406 1152 4486 γὰρ
1181 4405 1326 4483 γενέςθαι
