3160 5100
742 358 948 422 -42„

274 550 382 592 rorum
406 527 548 590 eiusdem
576 529 704 612 generis
734 531 925 614 scriptorum
955 529 1095 592 rationes
1118 528 1200 590 bene
1229 519 1425 612 perspectas

274 637 389 719 habet,
413 647 500 702 certe
522 661 586 703 non
609 639 698 703 casui
721 638 843 703 tribuet
865 637 952 724 quod
974 649 1007 702 et
1029 636 1222 702 Plutarchus
1249 645 1281 700 et
1304 637 1425 700 Arria-

274 772 335 812 nus
352 748 465 812 eodem
480 746 555 812 fere'
563 749 758 814 narrationis
782 748 852 814 loco
875 748 915 812 de
938 748 1052 812 eadem
1075 769 1110 812 re
1132 746 1312 835 complures
1336 746 1424 810 rela-

275 860 379 922 tiones
403 850 651 944 congesserunt,
680 859 743 924 imo
771 859 855 922 hanc
883 859 1144 924 testimoniorum
1167 859 1354 942 congeriem
1381 855 1426 920 ab

275 979 411 1055 utroque
433 969 590 1054 scriptore
613 970 648 1032 in
670 969 782 1036 eodem
805 969 895 1034 fonte
915 979 1077 1056 repertam
1093 979 1125 1034 ct
1140 970 1173 1034 in
1188 991 1282 1033 suum
1297 967 1424 1032 librum

275 1077 466 1143 translatam
487 1099 557 1142 esse
579 1079 810 1166 suspicabitur.
846 1079 912 1142 Hie
933 1089 1043 1144 autem
1064 1079 1136 1146 fons
1159 1080 1215 1165 qui
1232 1077 1425 1143 Aristobuli

275 1189 472 1254 mentionem
487 1190 605 1253 fecisse
620 1189 764 1271 videtur,
780 1188 956 1254 Ptolemaei
971 1189 1055 1254 liber
1070 1211 1141 1254 esse
1156 1192 1280 1276 nequit,
1297 1190 1426 1275 quippe

275 1300 331 1384 qui
354 1299 442 1384 prius
466 1321 563 1384 quam
578 1298 761 1364 Aristobuli
783 1302 980 1386 compositus
1003 1301 1046 1364 sit
1063 1300 1119 1384 (cf.
1136 1321 1189 1387 pg.
1205 1300 1279 1383 25),
1303 1298 1425 1363 sedne

276 1406 459 1472 Aristobuli
482 1408 613 1495 quidem
636 1432 715 1496 opus
738 1408 817 1490 fuit,
839 1433 914 1474 nam
933 1420 964 1474 et
979 1409 1172 1476 Plutarchus
1188 1432 1257 1493 cap.
1274 1409 1317 1474 59
1332 1419 1423 1474 extr,

274 1520 492 1583 narrationem
506 1519 608 1584 refert
622 1519 665 1583 ab
680 1519 891 1586 Aristobulea
905 1519 1082 1604 diversam,
1099 1530 1131 1586 et
1145 1520 1180 1584 id
1196 1519 1283 1606 quod
1299 1519 1423 1584 summi

274 1629 429 1694 momenti
452 1638 518 1709 est,
543 1630 702 1695 Arrianus
724 1632 795 1718 ipse
817 1653 900 1717 quae
915 1630 957 1694 de
972 1630 1052 1696 Cliti
1067 1641 1170 1696 morte
1184 1630 1295 1711 refert,
1319 1651 1423 1716 quam

274 1741 492 1804 narrationem
512 1741 675 1804 artissime
709 1762 781 1804 cum
802 1739 1011 1806 Callisthenis
1033 1741 1188 1806 memoria
1209 1740 1422 1806 coniunctam

275 1873 364 1916 esses
386 1873 468 1937 upra
488 1852 639 1934 exposui,
661 1851 783 1937 apertis
799 1851 910 1916 verbis
926 1874 991 1916 non
1006 1852 1048 1916 ab
1064 1850 1254 1917 Aristobulo
1269 1850 1422 1937 profecta

275 1982 346 2024 esse
361 1961 531 2047 profitetur
543 1965 618 2025 Arr,
630 1964 660 2042 4,
674 1961 703 2043 8,
717 1961 738 2026 9
759 1963 999 2044 ’Aptcrdssooloc
1013 1965 1049 2028 u
1065 1963 1140 2028 ὅθεν
1156 1965 1213 2041 μὲν
1229 1965 1248 2041 ἡ
1264 1961 1422 2041 παροινία

276 2073 406 2152 ὡρμήθη
413 2118 422 2151 ,
447 2071 486 2135 οὐ
504 2073 596 2146 λέγει.
628 2054 761 2139 Κλείτού
780 2073 816 2136 δὲ
837 2075 981 2148 γενέεθαι
1004 2075 1106 2153 μόνου
1129 2075 1186 2152 τὴν
1208 2073 1374 2152 ἁμαρτίαν.

360 2179 467 2264 lgitur
490 2189 522 2244 et
537 2179 730 2245 Plutarchus
754 2192 786 2246 et
801 2183 960 2246 Arrianus
982 2183 1063 2246 haee
1077 2205 1119 2247 ex
1141 2182 1231 2246 fonte
1254 2181 1420 2247 communi

275 2290 509 2354 derivaverunt
530 2290 564 2353 in
587 2313 650 2376 quo
673 2291 750 2356 data
771 2314 869 2380 opera
891 2295 1055 2357 variorum
1070 2294 1265 2380 scriptorum
1280 2292 1322 2355 de
1337 2290 1419 2356 Cliti

277 2410 308 2465 et
331 2398 542 2465 Callisthenis
564 2409 668 2466 morte
690 2403 800 2466 variae
822 2403 1022 2468 narrationes
1045 2402 1198 2488 religiose
1219 2411 1419 2467 memoratae

276 2521 379 2576 erant.
418 2512 447 2576 E
470 2533 534 2596 quo
555 2511 646 2577 fonte
667 2534 770 2598 aeque
792 2513 1030 2600 suspicabimur
1052 2514 1150 2578 etiam
1172 2511 1419 2600 ephemeridum

275 2620 356 2687 illud
378 2621 596 2706 fragmentum
618 2621 770 2704 fluxisse,
794 2623 880 2709 quod
903 2645 976 2689 eum
1004 2625 1133 2710 utrique
1155 2625 1308 2710 scriptori
1330 2645 1417 2688 eom-

274 2754 372 2796 mune
400 2733 457 2814 sit,
486 2741 595 2795 tamen
622 2753 727 2818 neque
755 2754 798 2796 ex
820 2732 1011 2800 Aristobulo
1039 2756 1144 2820 neque
1167 2756 1208 2797 ex
1230 2732 1418 2797 Ptolemaeo

274 2862 424 2906 manasse
445 2841 517 2928 ipsc
539 2850 675 2907 testatus
691 2851 741 2906 est
755 2843 916 2908 Arrianus
933 2845 967 2927 7,
991 2843 1048 2925 26,
1071 2845 1101 2909 3.
1139 2843 1326 2909 Identidem
1342 2865 1416 2906 con-

276 2962 464 3020 sentaneum
491 2951 542 3032 fit,
575 2953 751 3017 Arrianum
778 2953 839 3018 hoc
865 2953 955 3020 fonte
984 2975 1080 3040 quem
1102 2955 1166 3018 nisi
1193 2951 1289 3018 fallor
1316 2975 1418 3018 unum

275 3073 405 3149 praesto
426 3062 556 3144 habuit,
585 3064 632 3126 ita
652 3085 747 3127 usum
770 3084 856 3147 esse,
885 3073 921 3128 ut
949 3085 987 3127 ea
1007 3072 1135 3128 tantum
1156 3063 1199 3126 ad
1222 3085 1414 3148 componen-

275 3173 351 3236 dam
376 3173 546 3238 historiam
574 3171 757 3237 Alexandri
784 3173 950 3259 seligeret,
986 3196 1068 3261 quae
1095 3172 1279 3239 Aristobuli
1306 3173 1415 3238 Ptole-

275 3284 424 3368 maeique
438 3283 631 3347 auctoritate
645 3284 707 3347 niti
721 3281 777 3348 ille
791 3284 862 3369 ipse
877 3284 950 3349 fons
965 3293 1084 3370 aperte,
1090 3291 1275 3348 testaretur.
1302 3283 1417 3369 Neque

275 3391 384 3456 obstat
406 3391 481 3455 huic
504 3395 683 3456 sententiae
711 3415 749 3456 ea
777 3392 831 3456 lex
859 3416 954 3479 quam
977 3395 1137 3458 Arrianus
1165 3395 1237 3479 ipse
1265 3392 1330 3458 sibi
1357 3394 1415 3458 im-

275 3503 385 3589 posuit
399 3501 434 3565 in
455 3499 669 3587 praefationis
693 3501 762 3566 loco
779 3503 942 3589 saepiusa
962 3525 1013 3567 me
1029 3505 1138 3568 citato.
1175 3502 1264 3567 Illud
1285 3502 1415 3583 addam,

276 3609 336 3675 hae
363 3609 433 3676 sola
460 3610 617 3698 explicari
645 3613 770 3678 ratione
798 3610 848 3696 id,
872 3635 935 3700 quo
965 3615 1148 3700 quicunque
1177 3614 1310 3676 Arriani
1338 3612 1414 3676 Plu-

276 3720 444 3807 tarchique
475 3731 657 3808 temporum
685 3723 719 3786 in
746 3722 843 3789 rebus
874 3723 1119 3790 conseribendis
1141 3722 1417 3789 consuetudinem

277 3840 479 3918 perspectam
506 3830 604 3896 habet
631 3854 695 3896 non
724 3842 831 3919 potest
858 3857 923 3900 non
955 3834 1092 3915 offendi,
1126 3855 1242 3921 nempe
1269 3842 1337 3897 tam
1366 3855 1415 3896 re-

277 3941 379 4005 centis
401 3941 476 4004 aevi
497 3942 710 4026 scriptoribus
733 3966 827 4008 usum
849 3946 994 4030 patuisse
1016 3966 1149 4031 operum
1172 3965 1254 4030 quae
1271 3943 1415 4030 complu-

275 4051 368 4116 ribus
392 4047 527 4115 saeculis
550 4060 624 4116 ante
647 4055 825 4139 composita
847 4065 948 4118 erant.
985 4053 1077 4118 Haec
1092 4056 1223 4140 quidem
1238 4051 1415 4118 difficultas

275 4158 401 4226 tollitur
417 4180 454 4224 ea
470 4182 565 4245 quam
581 4160 676 4228 modo
691 4165 832 4228 assecuti
848 4187 957 4228 sumus
978 4165 1173 4229 coniectura.
1211 4163 1301 4244 Quin
1317 4163 1416 4227 etiam

275 4269 350 4334 aliis
365 4269 497 4334 Arriani
513 4270 591 4336 locis
608 4293 650 4336 ex
664 4272 724 4339 hac
740 4272 808 4338 sola
823 4275 1008 4338 coniectura
1029 4274 1176 4339 defensio
1192 4283 1224 4338 et
1239 4272 1415 4361 explicatio

276 4377 520 4465 suppeditatur,
543 4381 600 4445 ubi
623 4385 651 4447 si
673 4392 901 4463 statueremus,
929 4385 1070 4452 Arriano
1091 4387 1162 4472 ipsa
1184 4383 1361 4450 Ptolemaei
1383 4393 1416 4446 et
