3160 5100
535 375 823 439 ·-11-

347 568 403 614 τας
431 549 513 627 ύπέρ
538 548 827 630 τετρακιςμυρίους,
857 552 943 628 βοῶν
966 550 1002 613 δὲ
1025 549 1107 628 ὑπὲρ
1129 549 1186 615 τὰς
1207 552 1291 629 τρεῖς

346 660 397 724 καὶ
420 658 516 724 εἴκοςι
538 658 700 738 μυριάδας.
736 657 934 723 καὶτούτων
957 659 1014 723 τὰς
1035 661 1200 725 καλλίςτας
1222 660 1289 724 έπι-

346 769 520 850 λεξάμενον
536 768 757 851 Ἀλέξανδρον,
781 767 830 832 ὅτι
853 768 1062 849 διαφέρουςαι
1079 769 1166 852 αὐτῷ
1182 771 1290 835 κάλλει

345 899 379 944 τε
401 880 453 944 καὶ
474 878 598 959 μεγέθει
620 878 816 961 ἐφαίνοντο,
839 879 962 972 πέμψαι
985 879 1106 946 ἐθέλειν
1130 879 1163 945 ἐς
1185 882 1290 946 Μακε·

346 989 458 1056 δονίαν
480 988 663 1069 ἐργάζεςθαι
685 989 744 1068 τὴν
767 991 887 1069 χώραν.
1100 1053 1104 1060 ,

92 1112 124 1159 28
185 1103 261 1166 Arr.
283 1100 319 1181 5,
342 1099 400 1181 20,
424 1099 453 1163 8.
485 1096 570 1164 Ptol.
586 1097 626 1161 fr.
646 1099 694 1161 18.
731 1099 834 1164 Αὐτός
857 1101 892 1163 δὲ
916 1097 998 1185 [scil.
1015 1097 1217 1188 Alexander]
1243 1103 1288 1166 ῶς

279 1281 281 1285 ,
347 1210 399 1275 ἐπὶ
420 1209 479 1274 τὸν
499 1209 658 1289 Ἀκεςίνην
680 1210 826 1288 ποταμόν
849 1209 1042 1290 προύχώρει.
1079 1211 1206 1276 Τούτου
1232 1217 1291 1276 τοῦ

346 1320 505 1388 Ἀκετίνου
528 1324 676 1399 ποταμοῦ
697 1321 735 1385 τὸ
759 1321 891 1400 μέγεθος
907 1321 1009 1400 μόνου
1024 1324 1091 1386 τῶν
1106 1322 1216 1386 Ἰνδῶν
1232 1343 1290 1385 πο-

288 1507 296 1536 x
346 1437 455 1512 τομῶν
469 1432 672 1510 Πτολεμαῖος
694 1430 713 1494 ὁ
735 1430 844 1506 Λάγου
867 1431 1061 1510 ἀνέγραψεν.
1099 1430 1184 1495 Tum
1199 1452 1291 1494 accu-

346 1542 449 1606 ratius
470 1539 592 1626 flumen
615 1539 772 1604 describit
794 1539 951 1626 additque
973 1541 1011 1606 τό
1033 1544 1069 1606 δέ
1098 1541 1193 1621 εύρος
1220 1562 1291 1607 ςτα-
1329 1568 1332 1572 ·

348 1653 436 1719 δίου(
457 1651 584 1732 ἐπέχειν
614 1652 848 1717 πεντεκαίδεκα.
892 1653 961 1716 τοῖς
984 1654 1041 1731 μὲν
1072 1654 1113 1731 θὴ
1147 1652 1201 1717 έπὶ
1227 1657 1292 1718 τῶν

348 1763 512 1843 διφθέρων
534 1766 673 1841 περῶςιν
696 1761 816 1845 εὐμαρῆ
832 1763 976 1836 γενέςθαι
992 1763 1050 1828 τόν
1065 1761 1179 1842 πόρον.
1216 1764 1293 1828 τοὺς

349 1875 383 1937 δὲ
396 1873 431 1937 ἐν
443 1876 512 1936 τοῖς
524 1873 650 1938 πλοίοις
661 1855 893 1952 διαβάλλοντας
905 1873 1144 1938 ἐποκειλάντων
1156 1875 1292 1938 πολλῶν

348 1984 473 2048 πλοίων
506 1982 557 2047 ἐπὶ
590 1985 659 2047 ταῖς
691 1983 820 2060 πέτραις
852 1984 903 2046 καὶ
935 1982 1200 2062 ξυναραχθέντων
1235 1981 1293 2048 οὐκ

349 2093 479 2168 ὀλίγους
501 2091 600 2158 αὐτοῦ
624 2092 659 2158 ἐν
682 2099 728 2176 τῷ
751 2092 841 2156 ύδατι
864 2097 1086 2173 διαφθαρῆναι.

144 2205 198 2268 Ex
220 2203 271 2268 his
295 2205 366 2267 sive
388 2203 521 2266 Arriani
544 2203 614 2266 sive
629 2199 808 2266 Ptolemaei
831 2201 942 2266 verbis
965 2211 1116 2288 apparet,
1140 2202 1227 2266 hunc
1249 2203 1292 2266 de

144 2313 241 2378 rebus
263 2311 490 2398 geographicis
513 2311 646 2376 uberius
668 2333 733 2376 nou
749 2313 941 2398 exposuisse
963 2313 1112 2402 nisicum
1127 2314 1294 2378 artissime

145 2446 219 2488 oum
240 2422 338 2487 rebus
361 2421 488 2487 bellicis
511 2421 683 2485 cohaerere
705 2421 903 2487 viderentur.

94 2555 127 2602 29
190 2533 265 2597 Arr.
288 2534 325 2616 5,
348 2533 407 2616 28,
429 2532 460 2596 4.
491 2531 575 2596 Ptol.
598 2531 638 2595 fr.
665 2531 714 2596 19.
751 2531 824 2597 Hoc
845 2532 1065 2618 fragmentum
1087 2541 1238 2597 versatur
1259 2535 1294 2597 in

270 2686 274 2695 «
348 2642 520 2708 referenda
543 2643 705 2712 exercitus
722 2641 888 2707 seditione
916 2652 987 2708 orta
1009 2665 1082 2708 cum
1104 2642 1295 2708 Alexander

350 2774 392 2818 ex
414 2742 597 2839 periculoso
612 2751 727 2818 Indico
743 2755 860 2819 itinere
875 2755 997 2819 reverti
1012 2763 1188 2818 recusaret.
1226 2755 1293 2818 ou-

350 2863 462 2928 stitere
494 2863 625 2929 milites.
674 2865 813 2932 ἐνταῦθα
848 2867 885 2944 δὴ
920 2867 1005 2942 λέγει
1037 2867 1243 2946 Πτολεμαῖος
1274 2851 1304 2930 ό

349 2976 473 3058 Λάγου,
505 2974 554 3039 ὅτι
587 2978 639 3042 ἐπὶ
667 2984 704 3060 τῇ
738 2975 876 3058 διαβάςει
905 2976 1001 3042 οὐδὲν
1029 2979 1121 3056 μεῖον
1151 2975 1292 3047 ένθύετο,

350 3086 498 3168 θυομένῳ
526 3086 562 3151 δέ
590 3087 648 3152 οὐκ
675 3085 818 3162 ἐγίγνετο
842 3086 928 3170 αὐτῷ
957 3087 995 3151 τὰ
1023 3086 1100 3165 ἱερά.
1137 3085 1238 3150 Recte
1260 3087 1294 3148 ni

349 3195 446 3261 fallor
467 3195 708 3282 suspicabimur
729 3195 810 3259 haec
833 3217 870 3260 eo
886 3193 1022 3260 consilio
1043 3193 1170 3259 dixisse
1186 3192 1294 3260 Ptole-

350 3328 493 3390 maeum,
522 3315 560 3372 ut
587 3305 778 3370 defenderet
805 3304 1032 3370 Alexandrum
1060 3328 1081 3369 a
1109 3307 1294 3393 suspicione

350 3417 537 3483 timiditatis
561 3419 681 3504 quippe
697 3438 793 3503 quem
808 3415 905 3480 facile
921 3417 993 3502 quis
1009 3415 1185 3480 manifesta
1200 3437 1291 3480 exer·

351 3529 432 3593 citus
459 3526 621 3592 seditione
649 3529 775 3592 victum
802 3527 844 3591 ab
868 3528 996 3614 incepto
1019 3527 1186 3592 destitisse
1208 3526 1293 3591 arbi-

350 3638 430 3702 trari
452 3646 572 3724 posset.

94 3772 127 3820 30
288 3748 324 3830 6,
347 3749 385 3829 2,
407 3749 438 3812 4.
468 3747 553 3812 Ptol.
570 3747 609 3811 fr.
629 3748 691 3812 19³.
729 3749 790 3814 Ἠν
813 3751 908 3814 δὲτὸ
931 3750 1055 3829 ξύμπαν
1078 3752 1201 3827 πλῆθος
1226 3754 1291 3814 τῶν

351 3864 452 3941 νεῶν,
485 3861 531 3925 ῶς
560 3858 645 3935 λέγει
673 3860 876 3939 Πτολεμαῖος
904 3860 923 3924 ὁ
951 3859 1078 3941 Λάγου,
1107 3861 1133 3944 ᾧ
1162 3846 1293 3939 μάλιςτα

351 3971 415 4045 ἐγὼ
438 3969 570 4053 ἕπομαι,
592 3971 813 4049 τριακόντοροι
836 3971 894 4050 μέν
917 3971 950 4036 ἐς
965 3970 1177 4050 ὀγδοήκοντα,
1201 3971 1242 4034 τὰ
1257 3971 1294 4034 δὲ

350 4081 456 4145 πάντα
477 4083 578 4145 πλοῖα
600 4068 657 4146 ςύν
679 4084 747 4147 τοῖς
768 4081 971 4158 ἱππαγωγοῖς
993 4102 1026 4146 τε
1043 4081 1093 4145 καὶ
1109 4080 1294 4159 κερκούροις

351 4190 401 4254 καλ
423 4190 481 4255 όςα
502 4189 586 4255 ἄλλα
608 4192 748 4271 ποτάμια
769 4192 788 4270 ἢ
811 4195 877 4257 τῶν
903 4191 1002 4256 πάλαι
1024 4190 1193 4256 πλεόντων
1215 4190 1294 4253 κατὰ

350 4300 427 4364 τοὺς
448 4301 614 4380 ποταμοὺς
641 4302 660 4379 ἢ
688 4301 723 4366 έν
754 4308 800 4385 τῷ
823 4301 896 4366 τότε
919 4301 1120 4379 ποιηθέντων
1144 4299 1184 4364 οὐ
1207 4301 1292 4364 πολύ

349 4409 535 4476 ἀποδέοντα
556 4415 623 4476 τῶν
647 4413 816 4492 διςχιλίων.
