3160 5100
741 341 948 402 „52-

278 517 410 572 ventum
433 507 537 572 estin
560 509 724 592 regionem
747 507 998 594 Oxydracarum
1013 509 1273 596 Mallonrmque’.
1308 511 1425 598 Neque

276 617 439 682 Raunium
466 617 569 701 fugit,
601 629 715 682 extare
747 617 834 681 locos
861 619 918 683 ubi
947 619 1112 684 Diodorus
1144 619 1321 684 manifesto
1350 644 1425 685 cum

276 728 418 792 Arriano
440 727 625 793 concordet.
662 728 790 808 Quodsi
805 750 847 792 ex
861 730 935 816 ipso
948 730 1084 794 Arriani
1099 729 1315 815 praefationis
1330 732 1424 797 testi·

278 838 386 902 monio
413 838 514 901 statui
541 838 600 901 vix
628 846 752 923 potest,
785 849 933 904 secutum
960 861 1033 903 eum
1062 861 1134 903 esse
1165 841 1426 925 nugacissimum

277 946 492 1028 Clitarchum,
521 948 728 1034 perspicuum
750 948 804 1030 fit,
833 949 1014 1014 Diodorum
1035 947 1257 1034 compluribus
1283 951 1319 1013 in
1342 949 1425 1014 locis

276 1079 342 1122 non
369 1055 534 1122 Clitarcho
563 1056 621 1120 sed
654 1057 769 1121 eodem
800 1081 866 1144 quo
894 1060 1056 1123 Arrianus
1087 1059 1179 1124 fonte
1210 1081 1305 1123 usum
1340 1081 1425 1124 esse.

277 1167 449 1232 Eiusmodi
480 1167 614 1231 Arriani
649 1167 853 1254 Diodorique
885 1168 972 1234 locos
1003 1170 1099 1234 Raun
1127 1191 1182 1255 pg.
1210 1171 1250 1233 31
1274 1192 1323 1255 sq.
1358 1191 1426 1232 non

189 1331 192 1336 ,
278 1275 417 1363 amplius
440 1276 521 1340 duos
543 1277 650 1368 affert:
675 1278 751 1341 Arr.
776 1281 809 1359 1,
833 1281 869 1362 7,
894 1282 908 1342 1
934 1289 967 1342 et
990 1277 1089 1343 Diod.
1115 1280 1170 1360 17,
1193 1279 1273 1359 8,4
1302 1277 1344 1342 de
1367 1279 1424 1343 ob·

278 1386 404 1452 sidione
425 1385 628 1468 Thebarum,
655 1385 775 1452 deinde
795 1388 873 1454 Arr.
894 1389 931 1470 2,
953 1391 990 1470 4,
1013 1388 1033 1452 8
1062 1397 1095 1452 ct
1116 1386 1217 1452 Diod.
1242 1390 1297 1470 17,
1319 1389 1382 1469 51,
1403 1389 1426 1451 5

278 1495 320 1560 de
334 1495 448 1561 morbo
463 1519 526 1582 quo
540 1496 732 1561 Alexander
745 1499 779 1562 in
795 1496 913 1562 Cilicia
927 1499 1062 1562 affectus
1077 1506 1137 1562 est.
1174 1497 1301 1562 Vereor
1313 1507 1425 1562 autem

279 1607 371 1672 utin
394 1607 442 1669 eis
463 1607 627 1693 acquiesci
648 1609 754 1694 possit
775 1630 858 1693 quae
880 1607 962 1672 dicit
982 1630 1038 1694 pg.
1061 1609 1119 1672 32:
1143 1607 1303 1694 ‘Saepius
1327 1629 1426 1693 quom

277 1738 341 1781 non
364 1716 545 1780 invenerim
566 1716 750 1783 Diodorum
772 1726 805 1782 et
827 1719 1005 1782 Arrianum
1031 1728 1144 1805 aperte
1172 1719 1425 1798 consentientes,

277 1847 420 1892 conexus
441 1826 527 1891 inter
548 1847 603 1892 eos
625 1827 693 1891 fere
715 1825 824 1892 nullus
832 1833 855 1909 ’,
877 1837 911 1892 et
932 1826 1051 1892 deinde
1073 1849 1127 1914 pg.
1148 1827 1207 1892 33:
1231 1827 1352 1891 ‘Plura
1367 1826 1425 1891 ad-

277 1937 354 2001 dere
369 1959 449 2022 opus
464 1945 607 2018 nonest,
625 1939 777 2022 quoniam
792 1937 857 2002 loci
878 1939 996 2023 quibus
1018 1937 1260 2002 demonstretur
1279 1958 1426 2001 conexus

277 2049 362 2111 inter
376 2047 526 2111 Curtium
547 2046 602 2110 vel
616 2045 797 2112 Diodorum
819 2056 853 2112 et
868 2048 1058 2130 Arrianum,
1080 2049 1250 2132 graviores
1273 2048 1320 2110 eis
1343 2069 1425 2132 quos

278 2179 378 2243 supra
400 2155 495 2222 attuli
517 2178 581 2221 non
603 2164 741 2222 extant!
778 2158 913 2222 Erravit
934 2159 1021 2222 euim
1048 2160 1081 2222 in
1112 2180 1149 2222 eo
1177 2158 1263 2242 quod
1291 2155 1426 2222 Arriani

277 2266 481 2353 Diodorique
504 2289 697 2332 consensum
711 2269 808 2332 nimis
823 2269 904 2332 artis
919 2268 1038 2332 finibus
1054 2267 1321 2353 circumscripsit.
1356 2264 1425 2330 Ad-

281 2377 423 2443 scribam
446 2377 618 2444 nonnullos
640 2378 728 2445 locos
750 2402 769 2442 a
791 2379 919 2444 Raunio
941 2376 1125 2462 neglectos:

1018 2519 1134 2585 Diod.
1159 2520 1270 2585 XVII.

452 2522 663 2587 Arrianus.

229 2681 261 2730 τε
280 2660 317 2741 7,
350 2658 445 2740 14,1
476 2693 518 2705 —
544 2655 596 2725 ιωὶ
623 2660 734 2736 ἀγῶνα
767 2660 839 2726 ἐττε-
886 2678 958 2744 οαμ.
984 2656 1058 2736 110,
1081 2657 1100 2720 7
1117 2657 1306 2732 -ἀγῶνάε
1319 2678 1354 2721 τε
1370 2665 1424 2721 θυ-

343 2770 428 2835 τέλει
448 2770 601 2850 γυμνικόν
629 2791 662 2835 τε
689 2773 739 2836 καὶ
760 2793 837 2851 μου·

343 2881 446 2965 ιικόν,
477 2883 526 2944 καὶ
548 2881 643 2947 πότοι
665 2880 753 2965 αὐτῷ
776 2882 836 2958 eu-

342 3011 463 3068 γνοντο
491 2991 579 3070 παρὰ
601 2995 669 3056 τοῐε
691 2991 837 3071 ἑταίροιε.

342 3101 393 3166 καὶ
421 3091 466 3166 ἐν’
490 3100 621 3185 τούτῳ
645 3100 837 3181 Ἡφαιιτίων

342 3211 437 3292 ἔκαμε
460 3211 498 3277 τὸ
521 3217 609 3292 κῶμα
631 3218 692 3273 ete.

229 3371 261 3419 το
281 3347 316 3427 7,
347 3345 402 3426 15,
431 3345 452 3407 4
484 3342 607 3428 legatos
637 3346 768 3410 vonisse
796 3346 839 3410 ad

345 3451 570 3520 Alexandrum
600 3454 701 3519 refert
722 3493 763 3504 —
789 3459 840 3522 καὶ

347 3565 484 3632 Κελτοὺς
511 3567 563 3630 καὶ
589 3567 728 3646 Ἴβηρας,
757 3567 839 3646 ὑπὲρ

345 3678 454 3758 φιλίαι
477 3677 700 3759 δεηεομὲνουε.
737 3676 784 3754 ὧν
800 3677 838 3742 τά

346 3808 380 3852 τε
403 3787 546 3868 ὀνόματα
569 3789 619 3852 καὶ
646 3788 704 3864 τὰ(
728 3788 838 3853 εκευὰε

345 3898 383 3964 τό
398 3917 432 3963 τε
448 3903 579 3977 πρῶτον
594 3897 735 3978 ὀφθῆναι
757 3899 838 3977 πρὸ(

345 4006 507 4087 Ἑλλήνων
520 4029 554 4073 τε
566 4011 617 4074 καὶ
628 4008 837 4074 Μακεδόνων.

231 4167 264 4216 80
282 4143 313 4225 6,
343 4143 393 4224 10,
412 4143 427 4205 1
452 4144 660 4225 Ἀλέξανδροι
679 4146 714 4210 δὲ
726 4145 837 4226 βάλλε-

345 4274 394 4318 ται
417 4255 469 4320 καὶ
495 4255 591 4321 αὐτὸ(
615 4293 652 4302 -
676 4256 758 4342 ὑττὲρ
779 4255 837 4321 τὸν

346 4363 463 4443 μαιτόν
485 4373 561 4430 cett.
681 4444 685 4457 .

928 2767 1075 2849 μελικοῦ(
1097 2767 1198 2832 ἐποίει
1224 2769 1276 2830 καὶ
1303 2768 1424 2833 πότου(

911 2882 1069 2982 Ιτανεχεῑι
1081 2884 1149 2943 τῶν
1164 2879 1270 2972 φίλων
1276 2926 1286 2960 ,
1302 2877 1343 2942 ἐν
1364 2875 1424 2941 oic

928 2987 1122 3068 Ἡφαιετίων
1150 2987 1294 3065 ἀκαίροι(
1316 2987 1423 3066 μέθαι(

927 3098 1141 3180 χρηεάμενοε,
1168 3097 1218 3161 καὶ
1241 3097 1423 3175 περιττεεὼν

927 3207 1085 3290 ἀμρωιτίᾳ
1102 3214 1163 3269 etc.

932 3344 1008 3424 113,
1036 3343 1057 3405 2
1083 3379 1124 3388 -
1152 3342 1198 3408 ἔτι
1220 3342 1255 3406 δ’
1278 3343 1423 3424 Ἰλλυριοὶ

928 3455 980 3519 καὶ
1009 3460 1075 3518 τῶν
1109 3454 1182 3532 περὶ
1203 3439 1268 3517 Ιτὸν
1297 3453 1422 3534 Ἀδρίαν

928 3564 1107 3630 οἰκούντων
1123 3563 1154 3628 οἱ
1169 3563 1310 3646 πλείουε,
1334 3564 1373 3628 τά
1387 3585 1422 3629 τε

928 3676 1049 3757 Θρᾴκια
1075 3674 1152 3752 γένη
1182 3673 1320 3738 καὶτῶν
1343 3677 1421 3754 πλη-

928 3786 1094 3864 ειοχώρων
1112 3785 1270 3865 Γαλατῶν,
1286 3783 1333 3849 ὧν
1348 3783 1421 3849 τότε

927 3903 1059 3975 πρῶτον
1092 3896 1130 3960 τὸ
1157 3892 1252 3969 γένοε
1280 3893 1421 3973 ἐγνώεθη

928 4007 1015 4086 παρὰ
1036 4009 1104 4070 τοῑε
1127 4005 1282 4082 Ἕλληιιν.

928 4141 985 4221 99,
1015 4142 1034 4204 3
1068 4142 1161 4206 τέλοε
1195 4140 1230 4204 δὲ
1263 4139 1420 4205 τοξευθείε

928 4253 993 4317 ὑπὸ
1015 4251 1073 4316 τὸν
1096 4250 1212 4330 μαιτόν
1235 4257 1311 4312 cett.
