3160 5100
623 411 834 474 ...37-

735 602 777 644 ex
804 580 1073 645 antecedentibus
1103 589 1135 645 et
1164 602 1300 668 sequen-

733 691 822 755 tibus
844 691 1057 756 manifestum
1079 690 1126 755 lit.

776 825 807 888 p.
825 801 855 865 9.
893 809 932 887 τῇ
954 801 990 868 δὲ
1012 801 1101 887 τρίτῃ
1124 803 1300 884 φθίνοντοτ

644 987 646 992 ,
734 914 816 991 πρὸ(
838 913 946 992 δείλην
969 913 1140 980 ἀπέθανεν.

778 1043 847 1108 cap.
870 1023 921 1087 77.
950 1023 1077 1088 τούτων
1106 1025 1145 1090 τὰ
1166 1026 1299 1090 πλεῖττα
1370 1021 1373 1026 ’

734 1133 814 1198 κατὰ
836 1133 920 1200 λέξιν
951 1134 986 1199 ἐν
1017 1135 1087 1199 ταῖς
1115 1133 1300 1216 ἐφημερίτιν

735 1243 822 1309 οὕτω
844 1244 1028 1323 γέγραπται.

229 1353 467 1418 Tractaverunt
501 1353 562 1417 hoc
600 1354 819 1438 fragmentum
854 1351 1021 1418 OMueller
1059 1353 1218 1419 Eumenis
1265 1363 1297 1418 et

146 1461 282 1527 Diodoti
305 1463 345 1526 fr.
362 1465 392 1527 2.
417 1465 437 1527 3
460 1486 515 1550 pg.
541 1463 601 1526 122
617 1486 687 1551 sqq.
704 1471 736 1527 et
757 1462 866 1527 Ideler
888 1461 1020 1528 Handb.
1044 1461 1075 1526 d.
1101 1447 1292 1530 Chronol.l

143 1596 198 1660 pg.
221 1573 285 1638 406
300 1593 371 1660 sqq.
408 1572 449 1636 ln
476 1593 539 1660 quo
568 1581 643 1638 sunt
671 1593 754 1660 quae
782 1575 881 1638 etiam
907 1573 949 1638 ab
975 1571 1050 1637 aliis
1075 1573 1291 1660 scriptoribus

141 1683 320 1748 afferuntur
341 1683 445 1748 veluti
467 1705 486 1746 a
508 1682 669 1748 Nicobule
691 1682 778 1770 apud
794 1683 914 1748 Athen.
934 1681 988 1762 10,
1011 1683 1076 1748 434
1099 1683 1232 1766 (Nicob.
1256 1684 1298 1749 fr.

146 1794 323 1880 1pg.157
353 1792 533 1876 OMueller)
569 1795 747 1876 Νικοβούλη
777 1797 827 1877 δὲ,
861 1795 880 1874 ἢ
910 1795 929 1858 δ
963 1794 1092 1860 ἀναθεὶς
1119 1794 1217 1880 ταύτῃ
1252 1797 1293 1860 τὰ

141 1905 382 1985 τνγγράμματα,
404 1907 501 1987 φητίν
517 1904 565 1969 ὅτι
588 1907 693 1984 παρὰ
718 1905 857 1988 Μηδίῳ
879 1911 925 1988 τῷ
941 1906 1092 1990 Θετταλῷ
1108 1904 1293 1970 δείπνειν

133 2017 161 2082 ·ὁ
188 2017 411 2095 Ἀλέξανδρος,
441 2015 557 2082 είκοειν
586 2016 675 2081 οὖτιν
704 2016 739 2081 ἐν
762 2022 808 2096 τῷ
831 2014 1012 2098 τυμποτίῳ,
1040 2018 1115 2082 πᾶτι
1142 2015 1295 2094 προῦπιε,

141 2129 229 2206 παρὰ
251 2127 383 2192 πάντων
405 2127 444 2190 τὰ
465 2125 517 2190 ltu
539 2126 728 2208 λαμβάνων,
757 2127 809 2190 καὶ
831 2124 1001 2191 ἀναττὰτ
1030 2128 1088 2190 τοῦ
1112 2126 1289 2205 τυμποτίου

82 2283 91 2308 t
142 2239 210 2318 μετ’
233 2237 272 2302 οὐ
295 2237 381 2302 πολὺ
404 2235 646 2318 ἀνεπαύετο,
671 2235 728 2300 ubi
753 2257 835 2321 quae
851 2234 952 2298 verba
975 2233 1210 2319 distinguenda
1234 2256 1289 2299 eu-

141 2349 228 2428 ravi,
263 2369 301 2410 ea
327 2346 501 2410 manifesto
532 2344 731 2432 respondent
757 2345 848 2409 hisce
875 2346 1024 2410 Arriani:
1059 2347 1147 2425 παρὰ
1176 2347 1290 2430 Μηδίῳ

142 2459 340 2540 κωμάταντα.
379 2458 490 2522 ἔπειτα
512 2456 727 2524 ἐξαναττάντα
749 2494 790 2502 -
813 2455 987 2521 καθεύδειν.

226 2568 276 2632 Αο
298 2568 402 2652 primo
425 2565 557 2652 quidem
580 2564 698 2630 obtutu
720 2567 800 2631 satis
821 2585 976 2650 magnum
1005 2565 1183 2629 discrimen
1205 2567 1291 2631 inter

142 2679 275 2744 Arriani
303 2687 335 2741 et
357 2675 524 2740 Plutarchi
547 2675 721 2740 relationes
743 2683 895 2762 apparet,
924 2697 1031 2762 neque
1059 2673 1193 2739 eaedem
1216 2685 1292 2741 sunt

142 2786 343 2872 singulorum
358 2787 485 2850 dierum
500 2785 588 2873 apud
603 2795 778 2873 utrumque
793 2794 898 2850 notae.
937 2786 1098 2850 Arrianus
1115 2785 1201 2849 enim
1218 2785 1290 2851 dies

141 2901 176 2962 in
198 2899 388 2963 universum
410 2906 538 2962 tantum
560 2918 618 2983 per
639 2902 677 2982 τῇ
701 2897 863 2982 ὑττεραίᾳ,
887 2901 925 2981 τῇ
948 2896 1080 2981 ἐπιούτῃ
1103 2917 1201 2960 voces
1224 2898 1290 2982 sig-

141 3009 261 3076 nificat.
299 3008 423 3086 Contra
444 3006 639 3071 Plutarchus
663 3014 695 3070 et
716 3007 839 3071 mensis
862 3005 977 3071 Daesii
999 3027 1117 3073 nomen
1139 3017 1290 3072 accurate

141 3119 265 3184 indicat
288 3127 320 3182 et
344 3111 553 3202 singulorum
572 3115 699 3182 dierum
722 3119 839 3183 seriem
862 3116 957 3183 solito
981 3114 1181 3182 Graecorum
1203 3139 1292 3182 more

142 3228 309 3311 discribit,
332 3229 397 3292 nisi
420 3227 509 3314 quod
531 3227 671 3293 duorum
694 3228 821 3292 dierum
842 3236 939 3293 notae
963 3226 1078 3313 (ὀγδόη
1102 3236 1134 3292 ολ
1155 3229 1288 3310 τετάρτη

140 3339 328 3423 φθίνοντοτ)
360 3359 436 3402 casu
465 3336 627 3402 excidisse
649 3337 814 3402 videntur.
859 3337 957 3403 Unde
990 3336 1076 3401 haud
1112 3336 1289 3404 mediocris

139 3448 352 3514 Plutarcheae
375 3447 525 3514 relationi
547 3447 675 3513 accedit
698 3448 936 3515 commendatio
960 3457 991 3513 et
1020 3447 1232 3515 confirmatur
1254 3449 1289 3514 id
1406 3454 1417 3468 ’

140 3558 227 3646 quod
249 3561 319 3646 ipse
341 3558 536 3623 Plutarchus
560 3567 698 3624 testatus
721 3568 786 3643 est,
816 3560 931 3624 harum
959 3581 1067 3624 rerum
1095 3561 1289 3624 memoriam

140 3673 208 3734 l'ere
230 3669 272 3733 ad
295 3669 433 3733 verbum
456 3670 487 3732 in
512 3668 626 3734 diariis
648 3671 748 3754 regiis
772 3671 819 3734 sic
842 3670 1059 3756 conscriptam
1081 3669 1194 3733 fuisse.

224 3781 347 3845 Verum
362 3779 552 3844 discrimina
566 3779 623 3843 illa
638 3781 820 3845 accuratius
837 3779 1078 3846 examinantem
1093 3801 1158 3844 non
1172 3779 1288 3864 fugiet,
1350 3793 1353 3796 ⁴

141 3914 205 3958 non
228 3913 300 3956 esse
323 3913 361 3954 ea
383 3891 493 3975 magni
514 3891 669 3956 momenti
690 3911 768 3978 prae
790 3911 914 3955 summa
936 3890 1132 3977 scriptorum
1155 3912 1286 3955 concor-

141 4003 195 4066 dia
214 4003 249 4066 in
265 4024 372 4066 rerum
388 4023 467 4088 quas
488 4001 636 4066 referunt
658 4000 785 4065 delectu
802 4009 834 4066 et
849 3999 1080 4088 dispositione;
1093 4001 1172 4086 quin
1188 4001 1286 4064 etiam
1327 4088 1332 4097 Ι

140 4112 270 4197 singula
298 4112 457 4199 quaedam
483 4111 643 4178 vocabula
669 4113 799 4199 utrique
827 4111 978 4177 relationi
1007 4111 1190 4176 eommunia
1213 4119 1288 4175 sunt

139 4224 174 4288 in
202 4243 284 4309 quae
312 4203 486 4309 utrumque
514 4225 704 4304 scriptorem
733 4244 811 4286 casu
839 4221 995 4286 incidisse
1023 4221 1123 4285 statui
1153 4243 1286 4307 prorsus

138 4336 263 4421 nequit.
319 4333 414 4414 Quae
450 4342 487 4397 ut
521 4333 651 4398 facilius
687 4332 893 4420 reperiantur
928 4331 1017 4418 typis
1055 4330 1287 4417 distinguenda

141 4466 265 4508 curavr.
