3160 5100
893 543 944 606 καὶ
958 539 1107 606 Φιλώτου
1129 543 1254 620 (pethe
1277 539 1405 618 φρίκην

894 650 1088 731 ἐμποιούεηε
1109 653 1177 714 rote
1199 649 1324 730 pilose,
1346 649 1409 712 ord

894 765 951 825 τοῦ
959 759 1411 837 ἰδίουυὶοῡτεταγμένουπερὶ

894 871 952 936 τὸν
961 869 1081 935 κύαθον
1093 866 1411 936 δοῦναιπιεῑνθανὰ-

894 1000 986 1059 ειμον
1009 979 1180 1060 φάρμακον
1202 985 1248 1060 τῷ
1272 980 1410 1058 βαειλεῑ.

258 1091 364 1154 Pauca
396 1097 521 1152 tantum
550 1098 582 1152 et
610 1109 693 1174 quae
723 1087 803 1152 mihi
824 1087 945 1173 legenti
973 1088 1067 1174 quasi
1095 1087 1181 1152 ultro
1204 1089 1281 1151 'sese
1308 1085 1411 1150 obtu-

257 1199 363 1285 lerunt
389 1196 566 1285 adscripsi,
589 1219 694 1284 neque
723 1197 838 1264 dubito
862 1199 941 1285 quin
970 1196 1113 1262 locorum
1136 1195 1410 1262 concordantium

258 1329 426 1388 numerus,
462 1307 489 1371 si
523 1304 635 1371 dedita
667 1328 766 1393 opera
796 1306 931 1373 Diodori
959 1306 1016 1372 lib.
1047 1307 1148 1373 XVII
1176 1303 1411 1392 perlustretur,

258 1416 353 1489 lheile
375 1417 488 1501 augeri
503 1418 617 1504 possit.
655 1415 765 1498 Quare
780 1418 877 1482 etiam
900 1417 961 1482 hac
976 1416 1017 1482 de
1037 1439 1072 1481 re
1087 1418 1174 1482 iusto
1189 1416 1411 1486 confidentius

259 1530 310 1594 vir
332 1525 387 1594 ille
409 1526 524 1607 doctus
546 1528 773 1613 pronuntiasse
795 1527 936 1592 videtur.

346 1639 416 1704 lam
441 1646 476 1704 ut
499 1637 592 1702 brevi
622 1659 704 1723 quae
726 1636 790 1702 hue
812 1659 915 1723 usque
937 1635 1344 1724 disputavicomplcctar,
1374 1635 1413 1700 id

179 1773 183 1784 ¹
260 1748 500 1815 demonstrasse
522 1747 603 1813 mihi
624 1749 754 1829 videor,
777 1748 954 1812 Arrianum
969 1756 1001 1814 et
1017 1737 1226 1812 Plutarchum
1242 1747 1414 1810 communi

259 1881 334 1924 usos
356 1879 427 1924 csse
450 1859 538 1924 fonte
560 1858 615 1945 qui
637 1856 784 1922 diversas
805 1856 1010 1922 diversorum
1030 1856 1071 1921 de
1094 1855 1277 1922 Alexandri
1293 1856 1414 1942 Magni

260 1969 357 2035 rebus
377 1968 480 2054 gestis
503 1968 673 2032 memorias
696 1969 743 2032 ita
765 1967 917 2048 referret,
945 1975 982 2030 ut
1004 1965 1143 2050 singulis
1164 1942 1411 2032 narrationibus

261 2077 461 2164 singulorum
484 2085 649 2142 auctorum
673 2078 804 2142 nomina
826 2085 1075 2164 apponerentur.
1112 2078 1223 2163 Atque
1244 2077 1412 2142 Arrianus

260 2189 389 2277 quidem
412 2209 455 2254 cx
476 2186 538 2251 hoe
565 2186 654 2251 fonte
676 2207 715 2250 ea
736 2188 940 2273 potissimum
963 2184 1093 2270 selegit,
1123 2209 1205 2272 quae
1228 2185 1412 2252 Ptolemaei

261 2296 443 2367 Aristobuli
456 2297 640 2363 testimonio
651 2296 836 2362 confirmari
850 2295 987 2379 videret,
1001 2296 1180 2363 Ptolemaei
1193 2297 1411 2362 veroAristo-

260 2407 966 2497 buliquelibrosipsosnequaquamversavit.
980 2406 1174 2473 Plutarchus
1181 2418 1288 2474 autem
1296 2431 1411 2496 quam-

261 2543 357 2608 quam
368 2517 609 2584 narrationibus
621 2539 698 2582 vere
714 2515 876 2582 historicis
889 2516 1001 2603 quales
1014 2527 1127 2584 auctor
1139 2519 1208 2584 eius
1220 2517 1411 2584 Ptolemaeo

261 2629 515 2715 Aristobuloque
536 2627 651 2692 debuit
672 2609 864 2710 assentitur,
887 2624 1099 2692 nihilominus
1115 2649 1157 2691 cx
1173 2627 1248 2692 libri
1264 2628 1316 2693 sui
1330 2651 1406 2714 pro-

261 2743 368 2830 posito
391 2740 497 2806 facete
519 2737 680 2804 dictorum
704 2737 910 2824 iccorumquc
931 2737 1028 2802 nimis
1044 2738 1192 2802 curiosus
1208 2736 1321 2802 debito
1336 2759 1412 2824 pro-

265 2850 398 2938 pensius
420 2849 637 2914 recentiorum
659 2869 762 2932 nugas
786 2857 818 2912 et
840 2848 972 2912 inventa
994 2848 1027 2912 in
1049 2870 1130 2934 opus
1159 2869 1253 2912 suum
1275 2847 1414 2933 recepit.

265 2963 319 3026 De
340 2958 486 3024 Diodoro
510 2957 622 3023 Curtio
645 2955 771 3022 Iustino
798 2955 899 3022 nolim
922 2956 1137 3022 confidentius
1160 2979 1257 3043 quam
1279 2979 1339 3044 par
1361 2967 1415 3022 est

266 3081 408 3136 statuere
416 3117 425 3150 ,
448 3068 509 3134 hoe
522 3090 623 3132 unum
638 3069 800 3152 negarim,
822 3065 949 3132 idoneis
964 3068 1145 3134 rationibus
1161 3076 1322 3148 constare,
1337 3068 1413 3154 ipso

267 3203 321 3244 eos
345 3177 502 3245 Clitarchi
524 3198 623 3264 opere
644 3199 720 3242 usos
743 3198 825 3242 esse.

794 3375 814 3452 c
840 3373 889 3436 10.

354 3506 508 3593 Superest
529 3513 566 3569 ut
588 3527 692 3590 pauca
714 3504 821 3570 dicam
842 3506 884 3569 dc
904 3516 1035 3572 arictore
1058 3507 1100 3572 ab
1123 3508 1264 3572 Arriano
1285 3506 1413 3573 Plutar-

270 3617 394 3703 choquc
416 3614 589 3702 praecipue
603 3612 767 3697 adhibito,
790 3616 863 3701 quis
879 3615 979 3681 fucrit
994 3616 1073 3703 quid
1088 3617 1257 3705 scripserit
1271 3638 1413 3704 quonam

270 3725 391 3790 vixerit
418 3734 573 3812 tempore.
611 3725 656 3790 At
688 3745 729 3790 ne
756 3723 798 3789 de
825 3725 885 3789 hac
913 3727 1043 3812 quidem
1072 3750 1108 3792 re
1130 3729 1210 3793 certi
1233 3729 1415 3815 quidquam

270 3833 480 3922 pronuntiare
505 3833 620 3900 ausim.
657 3833 721 3900 Sed
745 3856 809 3921 qua
830 3836 885 3899 via
905 3857 944 3902 ac
965 3837 1090 3902 ratione
1105 3837 1346 3924 procedendum
1370 3839 1417 3903 sit

271 3947 304 4012 in
331 3945 391 4010 hac
418 3943 608 4032 quaestione
635 3942 796 4010 solvenda
823 3967 886 4010 uno
915 3948 1118 4032 potissimum
1146 3946 1315 4014 Plutarchi
1341 3945 1414 4012 loco

248 4053 415 4120 'eflicitur
436 4052 477 4116 de
500 4074 563 4138 quo
585 4073 683 4140 supra
706 4053 873 4142 disputavi
894 4077 949 4142 pg.
972 4057 1014 4122 45
1036 4058 1097 4122 No.
1122 4058 1172 4122 72.

354 4161 407 4232 Ibi
431 4183 503 4226 cum
531 4158 647 4228 similis
669 4163 820 4231 Arrianei
846 4163 908 4229 loei
937 4168 1177 4253 comparatione
1203 4169 1413 4255 perspicuum

270 4273 392 4340 lactum
416 4272 474 4356 sit,
497 4278 663 4338 auctorum
687 4293 756 4338 eum
779 4274 1052 4340 enumerationem
1075 4298 1158 4363 quae
1179 4277 1267 4365 apud
1283 4275 1410 4342 Plutar-

271 4382 366 4450 chum
389 4379 410 4446 l.
433 4403 461 4448 c.
485 4388 592 4462 extat,
615 4403 678 4450 nou
700 4384 742 4449 ab
765 4385 836 4470 ipso
859 4382 1031 4452 Plutarcho
1053 4387 1265 4474 compositam
1288 4387 1346 4453 sed
1367 4409 1412 4452 cx
