3160 5100
718 327 926 418 -fllfi-

459 497 594 575 ψάντων
616 499 655 561 τά
682 496 762 576 ἀμφὶ
785 495 994 575 Ἀλέξανδρον
1018 495 1122 562 έκεῖνο
1145 497 1264 576 τίθεμαι
1286 497 1404 574 ἔγωγε.

458 607 664 686 Πτολεμαῖον
676 608 737 684 γὰρ
753 609 811 673 τὸν
826 607 934 683 Λάγου
954 607 1038 672 έετιν
1054 607 1087 671 οἳ
1102 606 1291 687 ἀνέγραψαν
1307 613 1402 675 ξυνα-

458 717 593 797 ναβῆναί
615 737 648 781 τε
665 718 861 802 Ἀλεξάνδρῳ
885 718 964 782 κατὰ
985 719 1044 796 τὴν
1067 717 1199 803 κλίμακα
1220 716 1303 796 ὁμοῦ
1318 719 1402 783 Πευ-

458 827 550 911 κέετᾳ
565 828 617 892 καὶ
631 825 838 904 ὑπερατπίεαι
853 828 1015 908 κειμένου,
1038 828 1089 891 καὶ
1105 827 1155 891 ἐπὶ
1170 833 1253 910 τῷδε
1269 827 1403 908 (ωτῆρα

458 936 663 1014 ἐπικληθῆναι
692 938 908 1017 Πτολεμαῖον.
945 938 1045 1001 καίτοι
1074 937 1170 1002 αὐτὸ(
1198 938 1403 1017 Πτολεμαῑοε

459 1046 686 1127 ἀναγέγραφεν
719 1047 796 1112 οὐδὲ
829 1047 1061 1128 παραγενέτθαι
1094 1045 1199 1130 τούτῳ
1229 1053 1274 1130 τῷ
1306 1047 1400 1131 ἔργῳ.

459 1157 542 1222 ἀλλὰ
564 1161 708 1235 ετρατιάε
729 1158 791 1236 γάρ
814 1158 911 1222 αὐτὸ(
933 1156 1111 1235 ἡγούμενοι
1127 1156 1227 1222 ἄλλα(
1250 1157 1400 1255 μάχεεθαι

460 1267 561 1345 μάχα(
583 1268 634 1331 καὶ
661 1269 743 1345 πρὸ(
770 1267 890 1332 ἄλλουε
913 1266 1103 1347 βαρβάρουε.
1141 1268 1247 1332 Ταῦτα
1275 1268 1332 1347 μὲν
1360 1271 1398 1346 δὴ

460 1375 495 1439 έν
517 1375 632 1460 ἐκβολῇ
660 1381 717 1442 τοῦ
741 1377 841 1454 λόγου
857 1376 1093 1457 ἀναγεγράφθω
1108 1397 1176 1455 μοι,
1201 1377 1246 1442 ὼε
1267 1378 1307 1456 μὴ
1324 1376 1397 1442 ἀτα-

459 1487 626 1565 λαίπωρον
648 1487 806 1564 γίγνεεθαι
828 1490 895 1551 τοῑε
916 1487 1026 1551 ἔπειτα
1047 1486 1230 1566 ἀνθρώποις
1246 1490 1304 1567 τὴν
1317 1487 1397 1568 ὑπὲρ

459 1601 523 1662 τῶν
546 1598 743 1675 τηλικούτων
759 1596 864 1676 ἔργων
880 1618 914 1661 τε
936 1597 988 1661 καὶ
1010 1596 1206 1675 παθημάτων
1230 1597 1397 1679 ἀφήγηειν.

257 1707 454 1792 Quicunque
466 1707 546 1770 haec
561 1704 687 1790 legerit,
701 1705 914 1770 arbitrabitur
924 1706 1096 1770 Arrianum
1108 1707 1216 1791 ipsum
1227 1685 1271 1770 ex
1284 1707 1398 1771 intima

255 1817 434 1881 Ptolemaei
457 1817 563 1902 operis
582 1816 684 1901 ipsius
701 1815 885 1900 cognitione
901 1816 948 1879 sic
963 1816 1194 1900 argumentari.
1230 1816 1286 1881 Ad
1302 1839 1397 1903 quae·

256 1929 394 1991 stionem
427 1926 615 1991 solvendam
649 1949 714 1991 non
742 1925 879 1990 multum
913 1926 1053 2007 confert,
1088 1925 1175 2011 quod
1203 1924 1397 1992 Plutarchus

256 2035 353 2100 Alex.
376 2037 434 2118 63,
456 2037 579 2123 3sqq.,
611 2035 687 2099 licet
708 2035 773 2099 alia
795 2035 836 2100 de
858 2058 892 2098 re
914 2044 1026 2122 aperte
1048 2034 1222 2100 dissentiat
1248 2059 1269 2099 a
1292 2037 1396 2102 Ptole-

254 2167 345 2211 maeo
369 2148 490 2232 quiex
512 2147 645 2210 Arriani
667 2147 852 2210 testimonio
875 2147 911 2228 o,
936 2149 991 2228 ll,
1015 2148 1033 2209 l
1062 2147 1179 2226 ταύτην
1207 2148 1310 2228 μόνην
1340 2151 1397 2228 τὴν

256 2258 380 2336 πληγὴν
403 2259 562 2336 πληγῆναι
585 2257 670 2334 λέγει
692 2259 749 2336 τὴν
772 2257 804 2323 ἐε
826 2259 863 2323 τὸ
887 2261 1014 2338 ετῆθοε,
1037 2278 1111 2320 cum
1133 2253 1220 2320 Plut.
1236 2256 1256 2319 l.
1274 2278 1301 2320 ο.
1324 2279 1397 2322 nar-

255 2375 320 2429 ret:
344 2367 441 2432 αὐτὸ(
464 2369 501 2432 δὲ
523 2368 685 2446 τραύματα
707 2368 815 2432 πολλὰ
838 2368 960 2450 λαβών,
989 2376 1099 2430 tamen
1121 2367 1156 2429 in
1179 2387 1216 2432 eo
1239 2389 1312 2432 cum
1334 2369 1396 2432 Ar·

255 2478 345 2541 riano
368 2475 617 2564 Ptolemaeoque
640 2476 833 2558 concordat,
859 2475 946 2562 quod
967 2499 1032 2541 non
1054 2477 1156 2540 refert
1177 2475 1398 2542 Ptolemaeum

255 2587 440 2652 Alexandri
461 2588 522 2652 hac
544 2588 578 2651 in
601 2587 812 2674 expeditione
840 2588 962 2651 socium
991 2586 1102 2651 fuisse.
1141 2587 1206 2652 Sed
1227 2589 1397 2653 audiamus

255 2696 556 2761 alium'auctorem:
785 2695 790 2703 ’

205 2842 236 2890 74
298 2807 389 2871 Curt.
414 2807 490 2872 Ruf.
513 2808 533 2870 9
541 2855 549 2889 ,
572 2807 609 2889 5,
632 2807 670 2870 21
696 2798 917 2871 Ptolemaeum
940 2810 996 2893 qui
1010 2817 1124 2894 postea
1138 2811 1300 2893 regnavit,
1323 2808 1398 2874 huic

457 2939 586 3005 pugnae
607 2916 751 2981 adfuisse
774 2928 887 2982 auctor
912 2928 962 2981 est
984 2916 1168 2983 Clitarchus
1192 2929 1223 2983 et
1245 2920 1396 3006 Timage-

457 3049 526 3092 nes.
564 3028 629 3093 Sed
644 3029 728 3114 ipse,
752 3027 877 3092 scilicet
891 3027 1015 3112 gloriae
1029 3049 1107 3092 suae
1122 3051 1187 3093 non
1201 3029 1396 3114 refragatus,

456 3138 579 3203 afuisse
601 3161 647 3222 se,
670 3140 804 3204 missum
826 3139 861 3202 in
883 3137 1126 3224 expeditionem
1143 3141 1317 3204 memoriae
1332 3149 1396 3205 tra·

457 3248 552 3313 didit.
589 3249 694 3314 Tanta
722 3251 972 3335 conponentium
1000 3257 1133 3314 vetusta
1153 3271 1262 3314 rerum
1284 3272 1396 3315 monu-

457 3367 565 3423 menta
587 3359 641 3422 vel
664 3362 819 3424 securitas
843 3359 911 3443 vel,
940 3382 999 3446 par
1021 3359 1097 3424 huic
1120 3362 1253 3444 vitium,
1281 3361 1395 3425 credu-

456 3468 530 3533 litas
553 3467 627 3534 fuit.

253 3578 385 3646 Scilicet
407 3579 557 3645 videmus
585 3580 760 3645 Arrianum
784 3588 815 3645 et
833 3580 983 3645 Curtium
1005 3582 1191 3668 conspirare
1212 3604 1278 3647 non
1299 3583 1396 3649 modo

253 3691 288 3753 in
309 3691 495 3756 narratione
518 3690 558 3754 de
581 3690 767 3757 Ptolemaeo
790 3690 878 3755 illius
901 3692 1016 3778 proelii
1038 3713 1103 3755 non
1125 3694 1285 3780 participe
1307 3702 1339 3757 et
1361 3693 1397 3756 in

252 3802 533 3886 argumentatione
565 3811 678 3867 contra
709 3801 851 3889 reliquos
885 3823 992 3868 rerum
1026 3803 1199 3889 scriptores
1232 3804 1395 3887 instituta,

253 3933 366 3976 verum
390 3913 488 3977 etiam
509 3913 543 3976 in
565 3912 687 3979 iudicio
710 3911 766 3977 illo
789 3911 876 3998 quod
897 3922 1034 4000 uterque
1056 3922 1201 3979 extremo
1229 3914 1413 3978 enuntiato·

253 4021 433 4086 subiunxit.
476 4021 546 4085 Nec
573 4022 690 4087 desunt
716 4022 781 4088 alia
815 4022 930 4087 similis
960 4023 1066 4088 Curtii
1094 4024 1292 4109 Arrianique
1319 4045 1395 4089 oon·

253 4133 439 4219 spirationis
473 4132 639 4218 exempla,
674 4134 714 4197 de
748 4133 866 4220 quibus
895 4135 981 4198 infra
1013 4156 1117 4221 pauca
1145 4133 1283 4198 dicenda
1310 4143 1396 4199 sunt.

252 4242 323 4306 Iam
345 4265 423 4304 vero
447 4243 596 4307 Curtium
623 4246 693 4307 sive
716 4244 833 4308 Claudi
861 4245 931 4306 sive
954 4243 1149 4332 Vespasiani
1178 4247 1316 4331 tempori
1337 4245 1395 4308 ad-

254 4355 437 4437 signemus,
469 4351 510 4415 de
532 4377 595 4442 qua
617 4376 652 4418 re
673 4355 795 4440 ambigi
819 4365 930 4418 notum
955 4364 1020 4439 est,
1048 4355 1265 4442 antiquiorem
1293 4355 1396 4419 fuisse
