3160 5100
740 321 948 384 ..30-

274 490 488 554 conditarum.
518 490 627 575 Atque
642 489 703 554 hac
718 489 851 575 quidem
864 491 898 553 in
913 511 949 553 re
964 487 1096 553 vixerit
1108 487 1325 555 dubitandum
1340 491 1430 576 quin

274 599 483 664 Aristobulus
512 600 644 662 Arriani
672 608 784 664 auctor
811 599 920 665 fuerit.
958 597 1084 678 Quidni
1112 599 1140 662 is
1167 599 1210 662 ad
1240 600 1430 666 Onesicriti

274 718 454 774 commenta
475 709 681 796 respexerit?
709 707 794 774 Sane
822 709 1043 795 patrocinatur
1065 707 1141 774 huic
1170 710 1351 775 sententiae
1378 709 1429 790 id,

274 817 363 904 quod
377 816 603 884 Aristobulum
626 819 754 905 saepius
776 818 1067 884 animadvertimus
1090 827 1203 883 contra
1225 819 1307 884 alios
1322 819 1428 884 mira-

273 927 434 993 bilissima
461 949 608 1015 quaeque
634 926 812 992 referentes
841 927 983 994 sobriam
1011 937 1042 992 et
1070 926 1324 1015 probabiliorem
1347 949 1429 992 sen-

272 1039 410 1103 tentiam
442 1039 544 1121 tueri,
577 1047 670 1103 vates
704 1040 925 1126 vaticiniaque
961 1039 990 1102 si
1024 1039 1208 1103 eximimus.
1260 1037 1428 1103 Conferas

171 1235 174 1242 ⁴
274 1147 377 1213 libelli
409 1147 505 1212 huius
538 1169 689 1212 numeros
724 1148 774 1212 10.
807 1148 858 1214 33.
885 1148 937 1212 34.
962 1147 1016 1211 46.
1042 1148 1085 1212 49
1113 1157 1146 1212 et
1182 1169 1221 1212 ea
1257 1169 1339 1236 quae
1380 1148 1429 1211 ad

274 1260 332 1323 hos
365 1257 453 1322 locos
485 1256 725 1322 adnotavimus.
763 1258 809 1322 At
835 1279 913 1322 num
942 1279 1020 1322 vere
1048 1257 1118 1321 fieri
1146 1259 1253 1345 potuit
1281 1268 1318 1322 ut
1343 1260 1427 1322 Ari-

275 1367 423 1432 stobulus
455 1375 601 1431 uteretur
634 1369 667 1430 in
695 1366 778 1432 libro
808 1367 1030 1454 componendo
1058 1367 1236 1433 Onesicriti
1265 1368 1428 1454 scriptis?

274 1477 501 1543 Aristobulum
524 1477 687 1564 siquidem
710 1499 808 1565 supra
822 1499 877 1564 pg.
893 1477 934 1548 25
956 1486 1045 1543 recte
1060 1479 1244 1565 suspicatus
1260 1499 1331 1542 sum
1347 1485 1428 1564 post

273 1611 393 1652 annum
414 1587 476 1652 287
500 1586 630 1651 demum
646 1611 727 1674 opus
743 1610 836 1652 suum
853 1589 1088 1675 composuisse,
1110 1588 1286 1675 quaeritur,
1309 1596 1424 1652 utrum

273 1697 324 1762 his
348 1697 550 1784 temporibus
566 1696 743 1763 Onesicriti
765 1697 921 1762 historiae
943 1700 1007 1762 iam
1029 1696 1198 1762 absolutae
1219 1698 1323 1762 tuisse
1344 1719 1424 1784 pos-

274 1809 350 1873 sint.
387 1809 427 1874 In
449 1810 510 1872 hac
525 1809 714 1896 quaestione
729 1807 886 1872 solvenda
902 1807 1048 1874 consulto
1064 1808 1158 1872 mitto
1172 1807 1312 1872 Luciani
1326 1808 1422 1872 testi-

273 1907 607 2004 monium'quomodo
634 1918 748 1983 histor.
778 1941 902 1984 conscr.
932 1941 1002 2005 cap.
1030 1919 1088 2002 40,
1122 1939 1319 2004 quamquam
1346 1939 1422 1980 sen-

271 2029 395 2092 tentiae
409 2049 501 2092 meae
524 2028 630 2112 favet,
655 2031 731 2115 quia
745 2029 891 2094 Luciano
913 2029 964 2093 his
986 2030 1022 2092 in
1042 2027 1140 2092 rebus
1163 2026 1251 2092 haud
1265 2049 1420 2112 magnam

272 2136 370 2201 fidem
392 2137 579 2222 tribuerim,
604 2139 724 2226 quippe
747 2141 850 2226 quiin
873 2137 1018 2202 eiusdem
1042 2137 1119 2200 libri
1135 2159 1204 2224 cap.
1224 2139 1262 2201 12
1278 2126 1420 2202 similem

272 2249 491 2312 narrationem
507 2247 690 2313 Aristobuli
712 2248 810 2313 fidem
831 2249 978 2334 graviter
1000 2247 1232 2332 infringentem
1255 2269 1312 2334 pro
1330 2255 1421 2311 certa

272 2356 505 2423 venditaverit.
543 2357 608 2424 Sed
631 2357 823 2424 Plutarchus
846 2361 882 2423 in
898 2356 995 2424 Alex.
1019 2357 1060 2422 46
1083 2367 1168 2423 extr.
1190 2366 1362 2446 postquam
1382 2358 1419 2420 in

270 2467 453 2534 refutandis
476 2468 517 2533 dc
532 2469 755 2535 Amazonibus
778 2469 943 2533 variorum
963 2469 1156 2555 scriptorum
1171 2467 1424 2533 ariolationibus

272 2587 458 2644 accuratum
491 2581 634 2644 omnium
667 2563 874 2666 quotcunque
906 2578 948 2641 de
973 2576 1158 2643 Alexandri
1189 2579 1286 2643 rebus
1314 2578 1417 2662 gestis

230 2692 232 2696 ’
273 2697 409 2774 egerunt
431 2689 659 2754 historicorum
680 2711 849 2754 recensum
865 2687 972 2770 dedit,
996 2709 1092 2774 quem
1108 2710 1150 2753 ex
1164 2690 1306 2775 optimae
1320 2696 1417 2752 notae

243 2832 247 2837 ·
272 2801 363 2863 fonte
385 2820 534 2864 manasse
556 2809 706 2886 apparet,
731 2800 851 2867 subicit
873 2798 969 2862 haec:

222 2943 255 2992 ,30
315 2909 401 2974 Plut.
425 2909 479 2974 Al.
494 2910 536 2974 46
552 2918 635 2975 extr.
652 2910 799 2978 Onesicr.
823 2909 901 2975 snb
922 2910 1054 2987 Λέγεται
1077 2911 1113 2975 δὲ
1128 2912 1264 2976 πολλοῖς
1286 2909 1417 2990 χρόνοι(

476 3022 689 3101 Ὀνηείκριτο(
711 3022 843 3101 ὕετερον
866 3022 926 3100 ἤδη
950 3021 1147 3101 βαειλεύοντι
1162 3021 1328 3104 Λυαμάχῳ
1350 3025 1415 3086 τῶν

477 3134 605 3215 βιβλίων
632 3135 670 3198 τὸ
692 3132 844 3211 τέταρτον
867 3130 1110 3209 ἀναγινώεκειν,
1134 3131 1170 3197 ἐν
1192 3133 1219 3215 ᾧ
1240 3131 1415 3210 γέγραπται

475 3243 547 3321 περὶ
561 3246 617 3320 τῆ(
639 3241 821 3322 Ἀμαζόνος.
858 3242 918 3308 τὸν
940 3241 1000 3307 οὖν
1015 3242 1195 3322 Λυείμαχον
1218 3241 1338 3321 ἀτρέμα
1353 3260 1416 3321 μει-

476 3351 642 3430 διάεαντα,
669 3353 721 3416 καὶ
748 3355 829 3435 ποῦ,
857 3353 972 3436 φάναι,
1000 3352 1072 3418 τότε
1098 3352 1182 3434 ἤμην
1203 3351 1283 3429 ἐγώ;

271 3457 503 3545 Lysimachum
535 3481 600 3523 una
633 3481 706 3524 cum
738 3459 924 3526 Ptolemaeo
958 3461 1092 3528 Seleuco
1126 3463 1293 3547 Antigono
1328 3461 1415 3546 regis

272 3579 305 3634 et
341 3567 533 3654 dignitatem
570 3580 602 3635 et
638 3593 754 3635 nomen
796 3593 880 3636 anno
916 3572 979 3638 306
1020 3573 1236 3660 assumpsisse
1278 3579 1415 3637 constat.

271 3679 401 3762 Quodsi
415 3679 607 3746 Plutarchus
623 3681 644 3744 l.
661 3704 688 3746 c.
704 3683 773 3764 ἤδη
790 3683 986 3765 βαειλεύοντι
1000 3683 1168 3767 Λυειμάχῳ
1184 3683 1281 3766 dicit,
1303 3703 1414 3746 ueces-

271 3793 357 3857 sario
379 3791 456 3855 inde
479 3793 703 3878 consequitur,
727 3815 764 3857 ea
787 3815 868 3878 quae
891 3803 1002 3858 narrat
1024 3793 1109 3858 haud
1127 3795 1174 3858 ita
1188 3793 1328 3858 multum
1342 3801 1416 3881 post

271 3925 391 3967 annum
413 3901 476 3967 306
498 3901 673 3986 accidisse,
697 3902 835 3991 ideoque
857 3904 939 3968 nihil
962 3903 1078 3969 obesse
1100 3906 1270 3990 quominus
1287 3905 1413 3969 Aristo·

271 4013 383 4079 bulum
406 4012 507 4080 multo
529 4013 703 4080 recentiori
725 4024 870 4101 tempore
892 4014 1089 4079 scribentem
1112 4014 1291 4080 Onesicriti
1313 4014 1412 4079 histo-

270 4124 328 4188 riis
351 4147 448 4190 usum
471 4147 542 4192 esse
565 4132 754 4190 statuamus.

283 4307 286 4312 .
357 4234 448 4300 Inter
469 4246 618 4304 auctores
635 4237 767 4303 Arriani
790 4258 926 4322 quorum
943 4235 1075 4322 quidem
1090 4237 1220 4300 nomina
1235 4257 1300 4300 non
1314 4233 1415 4298 tacuit

272 4346 368 4411 etiam
