3160 5100
664 347 874 410 ..29-

400 537 506 596 γραψε
531 519 583 580 καὶ
604 519 702 582 τοῦτο
732 516 909 598 ἐψεύεατο,
938 517 1105 595 ναύαρχον
1128 516 1244 582 ἑαυτὸν
1267 516 1350 582 εἶναι

405 626 533 706 γράψαε
555 627 750 707 κυβερνήτην
772 623 861 690 ὄντα.

284 735 337 800 Ex
362 755 425 821 quo
447 733 519 799 loco
542 732 639 798 valde
655 732 769 798 dubito
785 755 862 797 num
877 732 1010 820 probari
1025 735 1148 819 possit,
1171 735 1348 801 Arrianum

197 847 269 934 ipso
291 844 469 909 Onesicriti
492 843 575 909 libro
598 865 695 909 usum
718 864 800 907 esse.
837 844 1011 928 Refragari
1034 844 1165 911 videtur
1187 845 1347 926 ἐψεύεατο

197 953 292 1018 verbi
313 955 472 1028 aoristum
497 963 626 1042 tempus
650 975 713 1040 quo
735 953 800 1016 nisi
821 951 918 1017 fallor
939 976 1018 1018 usus
1040 975 1106 1017 non
1129 964 1215 1020 esset
1236 956 1347 1019 Arria·

197 1087 257 1128 nus
281 1065 309 1128 si
331 1065 440 1151 ipsum
462 1063 550 1128 illius
573 1086 653 1150 opus
675 1063 837 1149 inspicere
859 1065 889 1127 ei
912 1062 1068 1129 licuisset.
1105 1063 1147 1128 Id
1162 1064 1260 1130 ctiam
1282 1061 1346 1129 alia

196 1175 323 1239 ratione
346 1173 529 1238 confirmari
551 1183 645 1260 puto:
1192 1153 1197 1160 ¹

147 1316 179 1364 59
239 1285 316 1350 Arr.
331 1285 369 1368 5,
395 1284 451 1365 19,
474 1282 583 1348 40011.
599 1283 776 1349 Onesicriti
790 1284 832 1347 fr.
849 1283 869 1347 9
884 1320 924 1330 —-
940 1283 1050 1349 uolut
1065 1285 1184 1351 ἕκτιεεν
1199 1285 1345 1352 Ἀλέξαν-

401 1400 478 1473 δροε
504 1429 538 1442 -
564 1397 622 1473 τὴν
647 1395 683 1458 δὲ
705 1394 899 1476 Βουκέφαλα
921 1393 953 1459 έε
975 1397 1034 1458 τοῦ
1056 1392 1160 1459 ἵππου
1182 1399 1241 1460 τοῦ
1265 1397 1344 1461 Βου-

399 1504 526 1585 κεφάλα
547 1505 606 1583 τὴν
629 1506 770 1587 μνήμην,
793 1505 830 1568 ὃε
845 1503 1006 1570 ἀπέθανεν
1022 1502 1139 1588 αὐτοῦ,
1163 1505 1203 1569 οὐ
1221 1506 1345 1585 βληθεὶε

400 1615 483 1693 πρὸ(
516 1613 668 1697 οὐδενόε,
702 1613 772 1678 ἀλλ’
804 1612 868 1678 άπὸ
902 1614 1044 1693 καμάτου
1071 1635 1106 1680 τε
1134 1616 1187 1679 καὶ
1217 1614 1345 1695 ἡλικίας.

399 1723 440 1802 ἣν
462 1725 524 1803 γὰρ
547 1724 629 1806 ἀμφὶ
651 1725 691 1789 τὰ
712 1724 883 1802 τριάκοντα
904 1723 975 1807 έτη,
1006 1725 1186 1804 καματηρά(
1214 1726 1345 1806 γενόμε-

400 1853 476 1911 voc,
505 1835 612 1898 πολλὰ
640 1837 676 1899 δὲ
704 1834 842 1913 πράεθεν
864 1835 1032 1913 ξυγκαμών
1053 1855 1087 1899 τε
1109 1835 1161 1900 καὶ
1182 1840 1345 1912 ξυγκινδυ-

403 1944 517 2009 νεάεαε
540 1944 748 2029 Ἀλεξάνδρῳ.
785 1942 991 2022 Quibuscum
1005 1943 1202 2008 conferenda
1217 1955 1293 2011 sunt
1308 1967 1345 2008 es

401 2073 484 2138 quae
499 2051 596 2138 paulo
611 2062 687 2117 ante
704 2055 879 2140 scripserat
894 2053 970 2118 Arr.
991 2053 1022 2134 5,
1041 2054 1091 2136 14,
1106 2054 1128 2118 4
1143 2055 1173 2119 οἵ
1189 2057 1225 2120 δέ
1240 2055 1343 2136 μάχην

401 2164 548 2240 λέγουειν
571 2164 606 2230 ἐν
628 2170 665 2248 τῇ
689 2164 812 2246 έκβάεει
834 2165 978 2242 γενέεθω
993 2169 1059 2230 τών
1074 2165 1184 2231 Ἰνδῶν
1199 2171 1266 2232 τών
1287 2168 1343 2234 ξὺν

399 2278 446 2357 τῷ
462 2274 551 2338 παιδὶ
573 2281 619 2357 τῷ
633 2275 756 2354 Πώρου
772 2275 961 2356 ἀφιγμένων
984 2276 1066 2353 πμόε
1081 2275 1292 2355 Ἀλέξανδρόν
1307 2297 1342 2342 τε

399 2385 449 2449 καὶ
471 2385 548 2449 τοὺ(
570 2386 626 2450 ξὺν
650 2383 738 2468 αὐτῷ
766 2385 892 2450 ἵππέαε.
934 2385 988 2449 Καὶ
1014 2385 1076 2464 γὰρ
1104 2387 1156 2450 καὶ
1177 2385 1343 2467 ἀφικέεθαι
1374 2389 1378 2396 “

400 2495 456 2561 ξὺν
485 2493 604 2574 μείζονι
632 2493 764 2574 δυνάμει
793 2496 850 2561 τὸν
872 2494 995 2574 Πώρου
1023 2497 1138 2578 παῖδα,
1166 2498 1215 2561 καὶ
1243 2497 1342 2563 αὐτόν

400 2624 434 2669 τε
458 2604 669 2684 Ἀλέξανδρον
691 2609 851 2686 τρωθῆναι
873 2603 955 2684 πρὸ(
977 2605 1078 2670 αὐτοῦ
1100 2606 1151 2670 καὶ
1166 2606 1224 2672 τὸν
1239 2607 1342 2672 ἵππον

400 2717 501 2782 αὐτοῦ
518 2715 696 2781 ἀποθανεῖν
711 2715 770 2781 τὸν
787 2715 1009 2799 Βουκεφάλαν,
1025 2715 1182 2795 φίλτατον
1198 2717 1341 2784 Ἀλεξᾶν·-

400 2832 467 2912 δρκμ
491 2826 572 2892 ὄντα
593 2828 651 2892 τὸν
672 2826 776 2892 ἵππον
797 2826 849 2890 καὶ
871 2829 988 2891 τοῦτον
1010 2827 1172 2905 τρωθέντα
1194 2826 1258 2892 ὑπὸ
1280 2832 1340 2893 τοῦ

400 2938 515 3002 παιδὸε
548 2942 606 3002 τοῦ
632 2936 756 3015 Πώρου
790 2944 823 2999 et
850 2933 936 2999 Plut.
965 2934 1063 2999 Alex.
1094 2937 1152 3018 61,
1183 2939 1198 3000 1
1229 2938 1278 3003 Ἐκ
1306 2941 1341 3002 δὲ

322 3117 325 3120 ,
398 3052 454 3126 τῆ(
481 3048 564 3126 πρὸ(
585 3048 706 3125 Πῶρον
735 3047 836 3128 μάγηε
862 3047 913 3112 καὶ
941 3045 960 3109 ὁ
983 3047 1194 3125 Βουκεφάλα(
1217 3047 1340 3112 ἐτελεύ-

398 3177 509 3240 τηεεν,
542 3157 602 3221 οὐκ
625 3157 736 3234 εὐθὺς,
772 3157 843 3222 ἀλλ’
875 3156 1024 3239 ὕετεμον,
1061 3157 1107 3222 bc
1142 3157 1171 3222 οἵ
1199 3162 1342 3225 πλεῖετοι

400 3269 564 3351 λέγουειν,
601 3267 666 3332 ὑπὸ
697 3267 888 3347 τραυμάτων
922 3267 1194 3352 θεραπευόμενοι,
1229 3270 1274 3335 ώε
1305 3274 1340 3335 δὲ

399 3380 626 3462 Ὀνηεῖκριτοε,
650 3378 702 3442 διὰ
723 3381 824 3456 γῆραε
845 3377 1031 3457 ὑπέρπονος
1051 3379 1235 3459 γενόμενος.

280 3490 346 3557 Ubi
362 3511 440 3554 sane
454 3489 584 3571 mirum,
607 3489 783 3552 Arrianum
797 3509 862 3551 non
877 3488 1042 3552 nominato
1057 3498 1188 3554 auctore
1204 3492 1340 3555 eandem

196 3602 384 3665 memoriam
406 3600 447 3665 de
462 3597 644 3685 Bucephali
665 3607 769 3663 morte
791 3598 913 3662 referre
933 3620 1031 3683 quam
1046 3597 1240 3664 Plutarchus
1255 3602 1340 3667 Onc-

197 3713 296 3775 scrito
312 3711 429 3776 tribuit
444 3711 539 3795 eique
554 3708 615 3772 hac
630 3709 671 3772 de
686 3730 721 3771 re
737 3709 853 3772 ceteris
869 3707 938 3770 fere
953 3705 1103 3773 omnibus
1115 3730 1221 3774 rerum
1237 3714 1339 3800 scrip-

196 3820 322 3885 toribus
346 3819 509 3886 oblocuto.
547 3818 644 3883 Unde
665 3820 721 3904 qui
736 3818 870 3883 Arriani
886 3840 1007 3882 morem
1024 3827 1056 3883 et
1070 3823 1338 3887 consuetudinem

195 3940 347 3996 accurate
362 3932 588 4019 pensitaverit‚
611 3932 671 3994 vix
685 3927 781 3993 aliter
797 3938 928 4013 statuet,
952 3952 1049 4017 quam
1064 3929 1211 3998 hausisse
1226 3935 1338 4004 Arria-

196 4063 273 4105 num
283 4042 368 4107 hanc
379 4042 598 4106 narrationem
607 4063 673 4105 non
685 4063 728 4104 ex
741 4042 814 4128 ipso
827 4041 1022 4124 Onesicrito,
1038 4041 1096 4107 sed
1108 4065 1150 4107 ex
1160 4041 1225 4107 alio
1237 4046 1338 4132 scrip-

195 4163 280 4236 tore,
305 4154 361 4239 qui
383 4151 448 4216 fide
470 4152 588 4238 dignus
612 4153 641 4216 ei
658 4154 748 4218 visus
765 4163 824 4216 est.
863 4151 947 4232 Quis
962 4162 1071 4217 autem
1086 4154 1115 4217 is
1130 4154 1240 4237 fuerit,
1264 4176 1337 4221 con-

195 4265 319 4329 iectura
334 4285 413 4326 sane
428 4263 559 4350 assequi
575 4285 756 4352 possumus.
787 4262 898 4329 Verba
913 4260 969 4326 ills
984 4263 1025 4326 de
1040 4262 1219 4350 Bucephali
1234 4276 1338 4331 morto

195 4375 367 4439 coniuncta
378 4383 453 4439 sunt
465 4397 536 4439 cum
550 4379 791 4441 enumeratione
803 4373 932 4440 urbium
945 4374 986 4438 ab
996 4373 1186 4441 Alexandro
1199 4375 1337 4444 inludia
