3160 5100
722 333 930 395 „15-

201 516 235 562 43
294 499 625 585 Arr.7,18,1sqq.
662 499 811 564 Aristob.
827 500 868 562 fr.
884 499 935 564 39.
966 498 1086 564 Totum
1102 507 1201 585 caput
1216 521 1258 562 ex
1269 427 1403 563 Aristo-

462 609 539 673 bulo
562 609 697 673 fluxisse
720 609 771 672 his
794 609 905 674 verbis
921 608 1078 673 efficitur:
1103 609 1187 674 Ἐπεί
1208 611 1260 674 καὶ
1273 611 1403 675 τοιόνδε

456 721 528 785 τινὰ
540 721 641 797 λόγον
653 720 895 799 Ἀριττόβουλοε
908 721 1125 800 ἀναγέραφεν.
1138 757 1180 766 -
1191 719 1269 784 3καλ
1281 721 1401 798 ταύτην

455 832 514 909 τὴν
548 831 717 908 ἐπιετολὴν
750 831 835 905 λέγει
862 830 1103 910 Ἀριετόβουλο(
1135 831 1324 910 κομίτατθαι.
1354 865 1395 874 -

461 940 482 1001 5
503 943 603 1004 ταῦτα
624 938 721 1002 αιἰτότ
736 940 978 1021 Ἀριττόβουλοε
994 941 1079 1015 λέγει
1094 940 1182 1018 παρὰ
1196 939 1399 1019 Πειθαγόρου

459 1050 618 1114 πυθέτθαι
655 1051 707 1115 καὶ
720 1049 880 1130 Περδίκκᾳ
901 1052 937 1114 δέ
958 1049 1184 1129 μαντεύταεθαι
1198 1049 1299 1115 αὐτόν
1315 1049 1398 1127 λέγει

461 1161 512 1223 καὶ
526 1160 701 1252 Ἀντιγόνῳ
716 1159 825 1242 χρόνῳ
841 1160 983 1237 ὕττερον.
1017 1160 1067 1223 καὶ
1081 1163 1139 1224 τυῦ
1154 1159 1255 1224 αὐτοῦ
1271 1159 1398 1237 εημείου

462 1269 585 1349 ἀμφοῖν
621 1270 799 1349 γενομένου
831 1268 1010 1347 Περδίκκαν
1043 1290 1077 1333 τε
1112 1269 1164 1333 ἐπὶ
1192 1269 1398 1348 Πτολεμαῖον

458 1378 689 1457 ττρατειίταντα
716 1378 893 1444 ἀποθανεῖν
917 1379 968 1443 καὶ
988 1379 1174 1454 Ἀντίγονον
1196 1380 1232 1444 έν
1253 1386 1293 1461 τῇ
1315 1379 1398 1461 μάχῃ
1449 1425 1452 1430 2

457 1495 495 1572 τῇ
511 1490 593 1567 πρὸ(
608 1488 764 1554 (ἑλευκον
779 1490 830 1552 καὶ
840 1488 1020 1568 Λυείραχον
1034 1495 1072 1573 τῇ
1088 1490 1124 1554 ἐν
1139 1489 1214 1572 Ἰψῷ
1229 1489 1398 1572 γενομένῃ.

255 1599 309 1662 Ex
331 1598 391 1661 hae
413 1596 525 1661 fabula
553 1597 594 1660 de
622 1598 778 1662 vaticinio
805 1598 979 1662 imminens
1006 1597 1186 1683 periculum
1208 1596 1398 1660 Alexandro

254 1709 481 1796 praesagiente
507 1706 691 1772 Aristobuli
719 1708 896 1791 imaginem
924 1705 1053 1793 qualem
1080 1706 1175 1772 nobis
1210 1707 1397 1771 effinximus

256 1819 362 1882 denuo
384 1839 564 1903 agnoscere
586 1817 675 1881 licet.
711 1817 762 1880 Ac
785 1816 947 1903 siquidem
969 1816 1180 1881 Aristobnlus
1202 1827 1342 1882 testatur
1363 1837 1399 1880 se

255 1929 335 1994 haee
369 1949 412 1992 ex
443 1930 516 2014 ipso
543 1927 721 2011 Pithagora
752 1925 936 2008 audivisse,
970 1937 1222 1992 consentaneum
1255 1937 1306 1991 est
1338 1926 1398 1991 hoo

255 2037 482 2103 Aristobulum
504 2044 579 2123 post
601 2037 761 2121 Antigoni
789 2037 921 2132 demum
943 2046 1080 2101 mortem
1103 2038 1146 2122 (a.
1169 2059 1199 2100 a.
1222 2037 1298 2100 Chr.
1321 2037 1398 2121 301)

256 2147 374 2213 litteris
395 2147 549 2210 mandare
570 2147 727 2232 potuisse.
765 2145 858 2226 Quae
881 2169 1075 2232 quamquam
1090 2147 1179 2210 haud
1193 2147 1303 2230 magni
1323 2155 1400 2209 sunt

256 2258 429 2339 momenti,
451 2266 560 2320 tamen
576 2257 611 2320 in
625 2266 715 2320 tanta
729 2265 899 2320 accuratae
914 2258 1088 2322 memoriae
1103 2258 1239 2344 penuria
1253 2255 1398 2320 animad-

256 2367 415 2432 vertenda
436 2365 642 2430 videbantur.

341 2479 428 2542 Num
450 2498 488 2540 ea
510 2498 638 2563 quoque
663 2498 746 2562 quae
760 2478 836 2541 Arr.
859 2477 880 2541 l.
897 2499 924 2540 ο.
948 2478 1151 2564 paragrapho
1175 2478 1195 2542 6
1217 2475 1336 2542 similia
1358 2477 1400 2539 de

258 2588 380 2654 Caleno
401 2586 587 2651 Alexandri
609 2597 746 2651 mortem
768 2589 969 2651 vaticinante
990 2589 1137 2652 narravit
1152 2609 1194 2651 ex
1208 2586 1400 2652 Aristobulo

257 2700 430 2784 desumpta
452 2699 518 2762 sint
539 2697 697 2760 affirmari
718 2697 842 2783 nequit.

205 2843 238 2890 44
299 2810 374 2873 Arr.
398 2810 435 2890 7,
461 2808 516 2890 19,
539 2809 559 2872 3
582 2829 653 2893 sqq.
690 2807 837 2871 Aristob.
860 2809 901 2872 fr.
916 2809 969 2872 40.
1009 2810 1165 2891 Κατέλαβε
1189 2813 1225 2874 δέ
1247 2810 1282 2874 ἐν
1302 2811 1400 2889 Βαβυ-

460 2923 554 3002 λῶνι,
577 2919 623 2984 ὼε
645 2919 731 2994 λέγει
745 2919 1001 3001 Ἀριττόβουλοτ,
1025 2922 1135 2984 καὶτὸ
1157 2920 1306 2986 ναυτικόν
1323 2927 1399 2981 cett.

459 3027 643 3092 Aristobuli
679 3027 781 3090 verba
817 3026 977 3091 indirecta
1010 3032 1156 3094 oratione
1187 3029 1230 3092 ab
1259 3029 1401 3092 Arriano

460 3137 625 3224 descripta
647 3159 752 3224 usque
772 3136 815 3200 ad
837 3159 965 3224 paragr.
988 3139 1186 3226 5pertinere
1201 3148 1323 3203 certum
1340 3147 1400 3220 est,

460 3271 524 3312 non
547 3269 649 3334 aeque
671 3248 714 3311 ad
729 3246 891 3333 liquidum
906 3248 1084 3334 perducere
1099 3249 1185 3332 licet,
1209 3272 1287 3313 num
1302 3249 1401 3312 etiam

461 3379 499 3421 ea
521 3380 605 3443 quae
625 3380 704 3421 mox
725 3368 906 3444 sequuntur
928 3360 959 3421 ei
981 3358 1154 3424 tribuenda
1176 3361 1253 3434 nint.¹

400 3469 435 3550 ί,
458 3469 516 3550 20,
539 3468 570 3530 4.
599 3466 747 3531 Aristob.
763 3468 804 3530 fr.
819 3470 872 3532 44.
912 3470 968 3534 Kal
988 3471 1106 3550 ταύτην
1128 3472 1186 3550 τήν
1201 3477 1300 3551 νῆτον
1315 3470 1402 3547 λέγει

460 3580 701 3659 Ἀριετόβουλοε
723 3578 771 3643 ότι
785 3580 910 3657 Ἴκαρον
926 3579 1069 3647 ἑκέλευεε
1083 3585 1242 3647 καλεῑτθαι
1257 3581 1401 3647 Ἀλέξαν-

459 3695 536 3768 δροε
565 3690 618 3754 ἐπὶ
645 3692 701 3767 τῆ(
730 3690 829 3767 νήεον
854 3694 909 3769 τῆε
932 3691 1053 3770 Ἰκάρου
1077 3695 1133 3768 τῆτ
1158 3692 1194 3757 έν
1215 3697 1262 3776 τῷ
1283 3691 1402 3774 Αἰγαίῳ

459 3798 571 3888 πόντῳ
579 3806 654 3862 cett.
675 3797 910 3883 Fragmentum
921 3799 964 3863 ad
976 3808 1136 3864 terrarum
1147 3799 1402 3885 descriptionem

460 3916 619 3994 spectans.
658 3907 710 3972 Of.
733 3909 796 3974 No.
818 3909 870 3974 35.

400 4018 521 4100 7,γ22,
549 4018 579 4081 4.
608 4018 639 4083 5.
682 4019 828 4084 Aristob.
857 4019 899 4088 fr.
926 4019 978 4083 42.
1022 4019 1183 4082 Narratur
1215 4018 1328 4084 fabula
1360 4019 1403 4082 de

461 4128 643 4192 Alexandri
655 4127 839 4193 diademate
850 4131 892 4194 ab
903 4127 1065 4193 arundine
1076 4130 1176 4214 capiti
1188 4131 1275 4213 regis
1287 4128 1403 4192 avulso

461 4248 643 4325 nautaeque
677 4241 776 4323 capiti
811 4240 964 4323 imposito
997 4247 1029 4300 et
1062 4239 1104 4302 ab
1132 4238 1193 4301 hoe
1220 4238 1263 4301 ad
1292 4259 1402 4323 regem

462 4346 581 4411 delato.
622 4351 676 4413 Καὶ
705 4348 735 4410 oi
762 4352 819 4429 μὲν
848 4351 965 4414 πολλοὶ
990 4357 1056 4415 τῶν
1071 4350 1341 4428 ἀναγραψάντων
1363 4352 1404 4415 τὰ
