3160 5100
619 379 829 446 ..33...

147 550 329 616 cavendum
352 559 402 614 est
416 572 458 616 ne
472 549 633 616 fallamur.
671 549 804 614 Etenim
819 548 1030 616 Aristobulus
1046 548 1123 614 licet
1138 569 1294 614 nonnum-

146 684 244 748 quam
265 683 285 724 a
307 659 494 726 Ptolemaeo
518 661 726 742 dissenserit,
749 674 858 724 tamen
880 668 1006 726 tanturn
1024 658 1118 724 abest
1132 669 1170 725 ut
1184 659 1296 746 iniqua

143 781 253 836 mente
284 772 324 836 de
352 792 389 835 co
417 770 557 852 iudicet,
587 781 624 834 ut
652 773 781 857 saepius
809 793 861 834 res
885 771 1186 834 commemoraverit
1210 791 1294 857 quae

145 881 256 946 valent
284 880 326 944 ad
354 879 533 946 Ptolemaei
561 883 752 947 memoriam
782 879 1005 946 honorandam
1039 889 1071 944 et
1098 879 1292 965 augendam.

146 992 237 1056 Fieri
265 992 367 1075 igitur
395 1001 521 1077 potest,
550 1002 585 1056 ut
613 1013 678 1055 non
706 991 748 1054 ad
770 991 993 1056 Ptolemaeum
1021 989 1079 1054 sed
1100 989 1143 1054 ad
1166 991 1293 1055 Aristo-

146 1102 259 1167 bulum
282 1103 326 1166 sit
348 1101 555 1165 referendum
563 1103 572 1184 ,
602 1102 689 1188 quod
717 1100 774 1167 illo
797 1101 866 1167 loco
890 1100 1074 1167 Cleomenis
1097 1101 1220 1165 mentio
1242 1100 1289 1163 lit.

146 1211 285 1277 Accedit
313 1210 417 1297 quod,
448 1221 483 1275 ut
511 1213 576 1274 iam
606 1234 704 1299 supra
732 1211 876 1295 ostendi,
905 1233 963 1298 per
991 1220 1095 1276 totum
1121 1211 1294 1298 septimum

144 1322 279 1388 Arriani
294 1321 415 1386 librum
430 1321 554 1385 nullum
569 1323 791 1388 testimonium
806 1322 940 1386 affertur
952 1320 1148 1403 Ptolemaei,
1165 1320 1292 1386 Aristo-

145 1431 241 1498 bulus
270 1429 466 1497 creberrime
489 1433 624 1515 citatur,
649 1443 698 1496 ter
728 1442 855 1497 tantum
876 1431 1083 1497 Ptolemaeus
1112 1442 1144 1495 et
1165 1431 1293 1496 Aristo-

146 1541 243 1608 bulus
259 1543 424 1606 coniuncti
440 1541 581 1606 citantur
604 1543 661 1606 sed
683 1545 729 1606 ita
743 1553 780 1608 ut
803 1542 843 1605 de
859 1563 971 1609 eorum
987 1540 1117 1607 silentio
1134 1541 1295 1606 referatur

146 1654 198 1737 (7,
217 1653 274 1736 13,
291 1652 311 1717 3
327 1653 402 1718 οὔτε
417 1653 479 1731 Ἀρ.
504 1653 578 1718 οὔτε
600 1654 715 1737 Πτολ,
738 1655 774 1736 7,
793 1653 849 1734 15,
865 1652 885 1716 6
908 1652 986 1718 οὐδὲ
1008 1659 1075 1719 τῶν
1096 1653 1294 1732 γραψάντων

146 1763 246 1829 Πτολ.
274 1765 326 1828 καὶ
347 1763 420 1847 Ἀρ,
443 1761 479 1844 7,
509 1761 567 1845 26,
599 1762 619 1826 3
643 1763 717 1829 οὔτε
740 1764 801 1844 Ἀρ.
826 1763 900 1828 οὔτε
922 1763 1038 1845 Πτολ.)
1061 1762 1103 1826 cf.
1126 1783 1253 1846 paragr.
1276 1762 1296 1825 3

147 1880 231 1936 extr.
254 1893 309 1959 pg.
335 1872 385 1935 12.
649 1867 650 1874 '

686 2128 758 2208 §l

242 2321 354 2386 Unum
378 2329 505 2385 tantum
527 2331 657 2408 superet
680 2323 902 2387 testimonium
925 2323 966 2386 ab
988 2323 1129 2387 Arriano
1159 2324 1293 2387 citatum

147 2431 189 2494 de
223 2453 286 2518 quo
321 2453 407 2496 nunc
436 2433 597 2517 copiosius
625 2432 789 2516 agendum
818 2442 877 2497 cst.
924 2433 1049 2520 Nempe
1075 2433 1234 2496 Arrianus
1264 2434 1293 2515 7,

146 2541 188 2606 25
220 2540 262 2606 de
293 2541 476 2606 Alexandri
507 2541 621 2606 morbo
649 2541 776 2608 letifero
806 2551 838 2607 et
865 2551 967 2607 morte
997 2564 1164 2629 exponens
1195 2540 1294 2606 habet

147 2651 242 2715 haec:
265 2654 317 2717 καὶ
332 2653 480 2734 βαείλειοι
495 2653 684 2735 ἐφημερίδες
702 2653 766 2720 ὧδε
781 2655 897 2733 ἔχουει.
933 2654 984 2717 Ac
1000 2651 1144 2720 Sintenis
1161 2651 1293 2739 quidem

148 2764 237 2846 (Arr.
260 2762 369 2826 Anab.
392 2761 454 2825 Ed.
479 2763 554 2826 mai.
578 2764 679 2850 praef.
703 2785 757 2849 pg.
783 2763 836 2850 19)
865 2762 900 2826 id
928 2761 993 2827 sibi
1021 2764 1201 2850 persuasit,
1229 2763 1294 2850 ipsi

146 2874 287 2937 Arriano
303 2871 433 2938 illorum
448 2870 627 2937 diariorum
641 2895 736 2938 usum
752 2873 907 2960 patuisse,
923 2875 1095 2960 ipsumque
1110 2874 1294 2961 inspexisse

147 2982 370 3070 ephemerides
398 2983 506 3068 regias
535 2982 748 3070 indidemque
771 2983 918 3048 consulto
942 3005 979 3048 ea
1001 2993 1128 3049 tantum
1151 2984 1293 3071 descrip-

106 3111 109 3118 ’
146 3096 228 3158 sisse
265 3115 348 3181 quae
381 3093 447 3158 sibi
479 3093 597 3158 idonea
633 3092 834 3160 viderentur.
883 3093 959 3174 Qua
988 3094 1028 3159 de
1055 3116 1091 3157 re
1118 3096 1184 3158 iam
1217 3093 1293 3158 ideo
1404 3119 1407 3124 ·

147 3205 274 3268 cautius
303 3203 537 3286 iudicabimus,
567 3203 655 3289 quod
685 3207 863 3269 Arrianum
885 3203 1067 3291 complures
1091 3226 1171 3291 quos
1200 3205 1294 3269 affert

146 3324 296 3381 auctores
319 3313 410 3379 velut
433 3313 587 3402 epistulas
611 3313 794 3379 Alexandri
816 3324 849 3379 et
871 3314 1091 3381 Onesicritum
1113 3337 1179 3379 non
1203 3316 1293 3402 ipsos

147 3429 323 3512 usurpasse
338 3424 497 3509 vidimus,
514 3423 572 3490 sed
588 3446 629 3490 ex
644 3424 728 3490 alius
744 3426 913 3513 scriptoris
929 3426 1124 3492 auctoritate
1136 3435 1292 3513 acceptos

148 3538 278 3602 citasse.
505 3535 508 3540 “

232 3647 277 3711 Et
298 3649 333 3711 in
355 3647 415 3711 hac
438 3646 570 3732 quidem
593 3650 784 3733 quaestione
806 3649 848 3712 de
865 3647 977 3712 diariis
993 3648 1093 3732 regiis
1110 3649 1294 3712 dirimenda

147 3756 341 3822 utilissimus
371 3767 421 3822 est
443 3757 647 3822 Plutarchus.
690 3758 725 3823 Is
754 3760 840 3822 enim
862 3757 961 3824 Alex.
985 3758 1042 3840 76,
1068 3759 1084 3822 1
1112 3779 1185 3822 cum
1214 3759 1294 3823 haec

148 3867 283 3934 habeat:
314 3871 349 3936 ἐν
379 3870 414 3935 δὲ
441 3873 510 3935 ταῖς
538 3869 720 3950 ἐφημερίειν
750 3869 853 3935 οὕτω(
875 3871 1051 3949 γέγραπται
1078 3871 1117 3935 τὰ
1139 3872 1212 3949 περὶ
1233 3872 1291 3951 τήν
1374 3885 1384 3898 ”

149 3979 247 4045 νόεον
271 3989 304 4043 et
325 3979 412 4043 infra
434 4001 505 4066 cap.
530 3980 569 4044 77
598 3980 723 4046 τούτων
744 3981 784 4044 τὰ
806 3981 937 4045 πλεῑετα
958 3980 1037 4044 κατὰ
1060 3981 1145 4047 λέξιν
1167 3981 1203 4047 ἐν
1225 3983 1294 4048 ταῖς

149 4090 331 4172 ἐφημερίειν
358 4090 443 4156 οὕτω
473 4092 664 4173 γέγραπται,
694 4091 765 4175 ipse
786 4087 986 4154 luculentum
1007 4088 1183 4153 diariorum
1205 4089 1293 4173 frag-

148 4208 292 4264 mentum
315 4201 470 4266 servavit.
516 4199 614 4280 Quod
636 4221 710 4264 cum
732 4220 834 4285 aeque
856 4201 897 4262 de
920 4196 1103 4264 Alexandri
1125 4199 1238 4264 morbo
1262 4208 1295 4262 et

148 4320 254 4378 morte
277 4311 336 4392 sit,
363 4311 522 4396 descripsi
544 4311 641 4376 ambo
664 4311 849 4395 fragmenta
871 4311 932 4391 ita,
961 4319 997 4372 ut
1020 4316 1179 4395 quatenus
1208 4310 1294 4374 inter

152 4445 188 4488 se
212 4431 244 4486 et
267 4423 454 4507 discrepent
478 4429 510 4484 et
532 4423 731 4488 concordent
753 4423 962 4509 perspicuum
985 4421 1051 4484 fiat.

200 4533 228 4576 A.
245 4535 364 4586 sonorus,
377 4532 499 4573 Analecta.
1076 4545 1091 4594 3
