3160 5100
643 372 853 464 ..⁴17-

377 541 591 619 Ἀλεξάνδρου
613 539 760 604 referunt
781 539 906 604 homini
934 537 984 602 illi
1010 538 1167 602 talentum
1190 535 1322 624 quidem

379 647 535 715 donatum
559 649 618 712 sed
634 660 731 737 caput
745 650 929 736 praecisum
943 649 1035 713 iussu
1050 649 1149 733 regis.
1187 649 1322 728 Ἀριετό-

377 766 495 842 βουλοε
517 764 553 826 δὲ
568 762 730 827 τάλαντον
746 762 803 841 μὲν
827 760 876 826 ὅτι
899 761 1013 840 ἔλαβεν
1036 761 1121 836 λέγει
1144 759 1244 824 αὐτόν
1267 759 1323 842 [an

376 873 485 956 potius
509 873 594 949 λέγει
617 872 753 955 αὐτόεῬ]
764 921 773 954 ,
796 871 879 936 ἀλλὰ
901 873 1025 950 ττληγάε
1041 872 1149 951 λαβεῖν
1164 875 1220 949 τῆ(
1234 889 1322 948 ιτερι-

375 982 492 1047 θέεεωτ
531 983 624 1048 ἕνεκα
657 986 716 1046 τοῦ
746 983 948 1062 διαδήματοε.
997 981 1239 1061 Ἀριετόβουλοε
1265 982 1323 1058 μὲν

376 1094 414 1170 δὴ
440 1097 507 1157 τῶν
529 1094 600 1158 τινὰ
617 1091 776 1157 Φοινίκων
798 1095 864 1156 τῶν
888 1097 1013 1157 ναυτῶν
1037 1089 1187 1167 λέγειὸτι
1202 1091 1240 1154 τδ
1256 1090 1322 1154 διά-

375 1207 459 1280 δημα
474 1209 526 1286 τῷ
549 1202 748 1286 Ἀλεξάνδρῳ
776 1201 926 1282 έκόμιτεν.
964 1201 1020 1267 dcl
1048 1202 1084 1266 δὲ
1112 1202 1144 1266 ot
1166 1201 1321 1266 (έλευιιον

376 1313 515 1387 λέγουει.
559 1310 730 1376 Seleucum
766 1311 852 1374 enim
885 1321 959 1398 post
986 1308 1170 1374 Alexandri
1198 1309 1322 1374 obitum

377 1430 559 1486 ceterorum
577 1423 759 1485 maximnm
774 1442 885 1506 regern
900 1421 1014 1502 fuisse,
1028 1422 1139 1507 itaque
1151 1420 1212 1485 hoc
1227 1419 1323 1484 modo

376 1530 453 1596 olim
471 1530 606 1596 Seleuco
623 1553 783 1596 summurn
800 1532 972 1617 imperium
996 1531 1215 1617 praesagitum
1239 1551 1320 1594 esse.

173 1645 250 1723 Qua
272 1644 307 1707 in
329 1663 364 1705 re
379 1640 527 1724 dubium,
550 1651 660 1706 utrum
675 1640 884 1706 Aristobulus
906 1664 997 1704 suam
1012 1643 1231 1707 narrationem
1245 1649 1323 1704 ante

173 1753 403 1840 conscripserit
426 1773 522 1837 quam
546 1749 602 1814 illa
630 1749 873 1816 narratiuncula
889 1753 1017 1816 'circum
1044 1751 1211 1815 ferebatur
1237 1772 1322 1836 quae

150 1863 350 1928 ‘manifesto
381 1871 451 1926 tum
479 1861 610 1926 demum
633 1863 820 1946 excogitata
842 1871 890 1926 est
913 1883 986 1925 cum
1009 1860 1162 1926 Seleucus
1185 1862 1322 1947 imperio

175 1977 241 2039 iam
265 1983 332 2037 erat
354 1974 494 2058 potitus,
524 1994 564 2035 an
588 1981 662 2059 post
684 1972 745 2036 hoc
766 1982 893 2058 tempus
918 1981 950 2036 et
972 1994 1009 2037 eo
1032 1972 1164 2058 quidem
1186 1969 1322 2037 consilio

173 2093 210 2148 ut
238 2105 343 2167 nugas
373 2081 447 2146 illas
476 2081 646 2145 dirimeret
675 2082 731 2166 (cf.
754 2091 821 2147 not.
844 2084 887 2146 ad
909 2083 970 2147 No.
993 2081 1060 2168 34).
1098 2082 1145 2146 Ut
1175 2081 1217 2146 ad
1239 2081 1323 2145 hano

175 2194 283 2280 potius
300 2193 486 2280 opinionem
502 2191 655 2256 inclinem
672 2214 709 2258 eo
728 2192 884 2275 adducor,
908 2190 994 2280 quod
1009 2191 1195 2278 ubicunque
1210 2192 1322 2256 Arria-

173 2327 235 2368 nus
259 2302 420 2368 eiusmodi
441 2302 563 2366 fabulis
580 2302 765 2367 Aristobuli
787 2303 926 2389 simplex
950 2312 983 2367 et
1004 2302 1148 2367 sobrium
1164 2303 1322 2366 iudicium

176 2415 345 2500 opposuit,
368 2410 559 2499 plerumque
575 2435 676 2477 vanas
693 2411 765 2478 illas
781 2412 1039 2477 narratiunculas
1055 2414 1175 2499 primo,
1194 2413 1320 2477 Aristo-

175 2523 246 2589 buli
261 2523 454 2587 relationem
469 2522 612 2586 secundo
635 2522 705 2587 loeo
728 2525 955 2609 positam‘esse
969 2522 1068 2586 video
1083 2521 1175 2586 velut
1189 2523 1220 2603 2,
1236 2523 1267 2605 3,
1285 2523 1320 2605 7;

173 2636 206 2716 4,
224 2635 275 2716 13,
291 2635 321 2698 5.
359 2631 568 2720 Quapropter
581 2632 679 2697 facile
695 2634 870 2720 suspiceris
886 2618 970 2698 hanc
985 2634 1090 2719 ipsam
1105 2654 1185 2695 vera
1200 2629 1320 2696 fabulis

175 2743 360 2831 opponendi
395 2743 661 2808 consuetudinem
694 2744 737 2807 ab
765 2745 905 2809 Arriano
938 2743 1144 2830 desumptam
1178 2763 1248 2806 csse
1280 2763 1322 2804 ex

174 2851 359 2919 Aristobuli
381 2875 488 2940 opere.

122 2991 156 3039 48
218 2968 294 3029 Arr.
311 2965 329 3028 7
338 3013 347 3045 ‚
363 2964 421 3046 24,
441 2966 474 3046 13
498 2963 644 3029 Aristob.
660 2965 701 3028 lr.
717 2965 768 3029 45.
807 2967 904 3032 Ἀλλὰ
918 2967 980 3045 γὰρ
997 2965 1084 3049 αὐτῷ
1097 2965 1159 3044 ἤδη
1175 2964 1320 3031 Ἀλεξάν-

378 3081 445 3159 δρψ
469 3075 564 3152 έγγὺε
585 3074 625 3168 ἦν
647 3078 684 3141 τὸ
705 3077 806 3142 τέλοε.
847 3076 902 3141 Καί
917 3099 946 3141 τι
966 3077 1018 3142 καὶ
1031 3076 1159 3141 τοιόνδε
1175 3074 1239 3153 πρὸ
1254 3076 1321 3139 τῶν

377 3185 563 3264 μελλόντων
580 3191 712 3265 τημῆναι
728 3188 813 3262 λέγει
829 3187 1079 3267 Ἀριετόβουλοε.
1109 3184 1193 3247 'lum
1208 3193 1321 3248 narrat

379 3293 605 3359 Alexandrum
617 3295 652 3358 in
664 3297 810 3360 exercitu
821 3295 1020 3360 instituendo
1032 3303 1235 3382 occupatum,
1248 3316 1321 3358 cum

377 3406 467 3469 sitim
496 3406 632 3469 sentiret
659 3405 782 3470 abiisse
810 3404 990 3492 soliumque
1022 3406 1149 3491 regium
1181 3427 1321 3469 vacuum

378 3513 563 3601 reliquisse3
581 3513 661 3580 exin'
673 3516 781 3580 virum
794 3517 958 3603 quendum
974 3517 1122 3602 ignotum
1135 3516 1321 3580 consedisse

378 3626 413 3688 in
435 3625 517 3691 solio
532 3627 640 3710 regio,
664 3626 844 3690 adductum
862 3626 953 3689 illurn
970 3626 1112 3712 quidem,
1135 3635 1171 3689 ut
1186 3625 1320 3707 dixerit,

377 3758 443 3800 non
471 3736 601 3801 insidiis
630 3736 688 3800 sed
716 3735 851 3801 levitate
879 3747 1006 3801 tantum
1034 3736 1174 3823 quadam
1206 3737 1319 3817 animi,

378 3858 536 3932 vatesque
558 3846 635 3910 inde
656 3856 747 3912 tanto
770 3849 874 3912 maius
897 3846 1016 3913 malurn
1039 3847 1256 3934 portendisse.

175 3955 269 4026 Haec
297 3980 408 4023 rursus
437 3957 601 4044 quadrant
628 3959 663 4021 in
691 3960 955 4045 superstitionem
978 3956 1162 4022 Aristobuli
1191 3959 1320 4044 saepius

175 4077 331 4132 notatam.
1183 4047 1187 4056 ’

122 4218 157 4267 49
219 4181 294 4243 Arr.
324 4180 358 4260 7,
375 4179 443 4270 28,
475 4181 509 4263 13
545 4178 691 4245 Aristob.
727 4180 768 4243 fr.
797 4181 849 4243 47.
898 4179 1089 4243 Alexander
1123 4178 1321 4264 Olympiade

379 4289 524 4354 CXIIII.
548 4291 704 4355 archonte
725 4289 865 4354 Athenis
888 4289 1035 4372 Hegesia
1054 4287 1235 4352 decessisse
1257 4291 1320 4354 fer-

217 4485 219 4492 *
379 4408 442 4462 tur.
480 4400 554 4480 έβίιυ
577 4405 611 4466 δὲ
635 4404 694 4467 δύο
717 4403 769 4466 καὶ
790 4402 960 4481 τριάκοντα
983 4401 1036 4479 έτη
1060 4401 1109 4464 καλ
1130 4403 1190 4464 τοῦ
1212 4403 1320 4480 τρίτου

227 4511 256 4554 Δ,
271 4511 388 4561 Senonas,
403 4509 524 4550 Analecta.
1101 4524 1117 4574 2
