3160 5100
642 383 851 448 -47..

176 552 316 616 Arriano
340 561 464 616 certum
493 560 558 633 est,
588 573 684 637 quem
713 552 800 614 circa
821 549 985 615 Hadriani
1012 551 1184 638 imperium
1212 559 1324 616 natum

177 683 248 727 esse
271 671 408 727 constat.
446 660 512 726 Sed
535 683 607 724 cum
622 661 783 725 Arrianus
807 661 927 747 quippe
950 662 1006 748 qui
1027 660 1129 727 multo
1144 659 1324 748 pleniorem

175 774 225 836 rei
246 772 397 835 notitiam
419 780 563 858 promat,
593 792 635 834 ex
658 769 771 834 Curtio
800 793 858 835 sua
887 772 1091 859 excerpsisse
1115 769 1205 835 nullo
1226 769 1323 837 modo

176 882 277 945 statui
305 883 426 968 possit,
456 880 563 945 Curtii
591 881 789 967 Arrianique
818 902 993 946 consensus
1021 903 1040 944 a
1068 881 1232 946 communi
1259 903 1347 976 quo·

176 992 228 1055 usi
252 1001 328 1056 sunt
350 992 442 1056 fonte
463 991 660 1078 repetendus
683 1000 742 1054 est.

709 1237 787 1318 es.

261 1406 472 1473 Plutarchum
501 1408 566 1470 iarn
594 1408 723 1493 saepius
752 1407 895 1482 vidimus
924 1428 996 1470 cum
1026 1408 1072 1471 eis
1096 1407 1229 1472 Arriani
1251 1431 1323 1473 nar·
1379 1387 1383 1392 ἱ

175 1517 356 1583 rationibus
386 1516 652 1600 concordantem,
681 1539 761 1603 quas
792 1539 809 1580 e
837 1515 1023 1582 Ptolemaeo
1050 1515 1104 1582 vel
1131 1517 1322 1582 Aristobulo

175 1627 295 1692 velex
316 1637 454 1712 utroque
475 1627 580 1691 affert.
617 1627 662 1691 Et
689 1625 747 1690 hos
771 1626 903 1714 quidem
933 1648 1043 1714 omnes
1069 1626 1157 1693 locos
1179 1629 1329 1715 reperies

175 1738 210 1800 in
232 1735 409 1800 Ptolemaei
432 1737 615 1802 Aristobuli
636 1737 890 1822 fragmentorum
918 1737 1108 1804 collectione
1131 1738 1324 1804 OMuelleri
1372 1753 1376 1757 ’

176 1847 231 1932 qui
253 1848 352 1910 etiam
379 1847 545 1912 Plutarchi
567 1846 769 1934 aliorumque
792 1848 988 1934 scriptorum
1010 1847 1133 1912 similes
1154 1847 1241 1913 locos
1265 1848 1321 1912 ad-

175 1957 317 2042 scripsit.

259 2066 331 2130 Iam
353 2089 431 2131 vero
447 2069 607 2134 Arrianus
630 2077 802 2155 postquam
824 2069 856 2132 in
874 2069 1086 2158 praefationis
1102 2068 1317 2158 paragraphis

180 2179 193 2240 1
218 2185 250 2240 et
271 2176 292 2239 2
315 2199 387 2241 eam
409 2177 473 2242 sibi
496 2177 601 2263 legem
624 2179 771 2243 condidit
788 2188 824 2243 ut
839 2178 1061 2270 Ptolemaeum
1078 2178 1319 2245 Aristobulum-

175 2309 237 2374 que
252 2286 359 2374 quoad
374 2288 446 2351 fieri
460 2299 572 2375 posset
587 2298 786 2375 sequeretur,
808 2289 849 2353 de
864 2287 998 2376 reliquis
1015 2288 1197 2354 Alexandri
1213 2312 1321 2354 rerum

175 2397 364 2462 auctoribus
387 2397 481 2462 addit
503 2399 598 2464 haec:

141 2539 157 2586 5
219 2506 295 2571 Arr.
319 2506 461 2572 Praefat.
485 2509 505 2574 3
533 2510 596 2576 ἕετ(
626 2513 662 2576 δὲ
690 2512 710 2574 ἃ
740 2511 791 2576 καὶ
813 2512 894 2592 πρὸ(
917 2511 1027 2576 ἄλλων
1051 2513 1320 2595 ξυγγεγραμμένα,

125 3798 155 3846 ld

380 2619 428 2684 ὅτι
451 2621 503 2685 καὶ
525 2620 606 2686 αὐτὰ
628 2621 828 2704 ἀξιαφηγητά
849 2643 883 2686 τε
906 2643 959 2703 μοι
982 2622 1072 2690 ἔδοξε
1095 2621 1201 2688 καὶού
1217 2621 1320 2701 πάντη

381 2730 520 2822 ἄπιετα,
549 2732 593 2797 ὡ(
626 2731 826 2812 λεγόμενα
859 2732 961 2815 μόνον
995 2734 1075 2814 ὑπὲρ
1108 2733 1321 2811 Ἀλεξάνδρου

375 2839 553 2921 ἀνέγραψα.
1042 2925 1047 2936 .

174 2949 220 3012 At
248 2949 349 3014 multo
378 2950 510 3035 quidem
539 2954 668 3038 saepius
700 2953 909 3017 Plutarchum
937 2953 1210 3039 deprehendimus
1240 2953 1321 3018 haec

176 3061 335 3141 λεγόμενα
357 3061 459 3141 μόνον
482 3064 590 3148 sequi,
620 3085 716 3148 quam
746 3085 783 3126 ea
806 3085 888 3150 quae
912 3086 954 3134 ex
975 3063 1166 3129 Aristobulo
1190 3073 1222 3128 et
1245 3064 1320 3129 Pto-

174 3169 297 3235 lemaeo
313 3171 354 3234 ab
370 3172 512 3236 Arriano
527 3173 715 3239 afferuntur.
740 3173 838 3254 Quod
853 3185 889 3239 ut
903 3177 1008 3261 magis
1024 3177 1232 3262 perspicuum
1251 3174 1319 3258 fiat,

175 3280 359 3346 describam
382 3281 565 3369 complures
588 3281 674 3348 locos
706 3284 824 3370 quibus
853 3307 891 3349 ea
919 3308 1004 3372 quae
1025 3287 1186 3351 Arrianus
1209 3285 1319 3348 verbis

175 3400 349 3478 quaesunt
373 3395 535 3479 λέγουαν,
558 3395 698 3479 λέγεται,
723 3396 799 3462 εἰεὶν
821 3400 858 3462 δὲ
873 3399 906 3462 o‘t
929 3397 1085 3481 λέγουειν,
1109 3397 1205 3463 ὸπᾶ(
1222 3398 1320 3475 λόγο(

175 3505 298 3583 κατέχει
320 3501 482 3566 similibus
506 3503 606 3568 dubia
627 3527 699 3570 esse
719 3507 899 3592 significat,
929 3505 1123 3572 Plutarchus
1152 3508 1198 3571 ita
1217 3507 1320 3571 refert

173 3622 209 3676 ut
236 3635 278 3675 ne
305 3614 473 3678 minimam
502 3614 636 3700 quidem
664 3617 878 3684 dubitationis
909 3618 1180 3703 significationem
1206 3617 1318 3682 addat.

351 3775 550 3839 Arrianus
914 3779 1158 3844 Plutarchus

203 3981 236 4061 l,
260 3981 295 4063 9,
322 3981 362 4044 10
384 3982 531 4060 λέγουειν
801 3986 856 4069 11,
879 3985 899 4049 6
923 3898 1128 4070 explidhlius

202 4093 236 4171 1,
263 4092 317 4171 11,
342 4092 530 4170 l'le'rouur
801 4097 857 4180 15,
881 4097 912 4160 3.

259 4201 632 4287 12,ΙΟἱδὲ,ὅτικαὶ
802 4207 856 4288 15,
879 4208 910 4271 3.
978 4213 982 4222 ’

200 4313 235 4394 2,
259 4310 318 4393 25,
341 4311 361 4374 2
383 4314 598 4394 Παρμενίωνα
610 4318 667 4395 μὲν
681 4319 730 4382 λέ·
799 4319 859 4401 29,
882 4319 913 4382 3.
966 4373 973 4387 .

256 4447 366 4505 γουειν
