3160 5100
715 359 924 423 „23—

248 529 330 594 duos
352 528 565 612 Macedones,
595 552 730 616 quorum
758 529 841 593 alter
863 501 957 594 Darii
979 530 1062 594 alter
1084 531 1186 616 ipsius
1209 529 1392 594 Alexandri

248 662 418 726 personam
439 651 562 725 ageret.
600 640 685 705 Dein
710 641 818 727 pergit
839 641 902 705 ita:

199 767 233 814 5⁷
293 765 378 832 Plut.
402 767 456 833 Al.
479 769 538 851 31,
565 770 580 832 1
604 777 688 831 extr.
725 769 852 848 ἰςχυράς
874 771 910 833 δὲ
932 773 988 848 τῆς
1010 769 1111 849 μάχης
1133 772 1309 851 γενομένης
1331 771 1390 836 ἑνί-

450 899 542 960 κηςεν
570 878 589 943 ὁ
618 878 816 958 καλούμενος
838 879 1045 957 Ἀλέξανδρος
1072 881 1122 944 καὶ
1148 882 1276 959 δωρεὰν
1298 882 1391 961 ἔλαβε
1561 943 1563 982 ,

242 1037 245 1044 ,
337 1049 340 1056 .
451 989 576 1055 δώδεκα
600 990 727 1068 κώμας
755 991 806 1054 καί
833 993 928 1072 ςτολῇ
950 990 1088 1073 Περςικῇ
1110 995 1248 1069 χρήςθαι.
1286 991 1391 1055 Ταῦτα
1561 1023 1563 1050 J

450 1100 507 1180 μὲν
541 1099 601 1164 οὖν
629 1099 851 1178 Ἐρατοςθένης
883 1099 1036 1178 ἱςτόρηκε.
1078 1100 1144 1178 Τήν
1181 1101 1218 1164 δὲ
1250 1101 1390 1181 μεγάλην
1562 1125 1563 1144 ι

451 1210 555 1290 μάχην
582 1211 664 1287 πρὸς
691 1209 835 1288 Δαρεῖον
864 1190 987 1275 οὐκέν
1018 1210 1196 1292 Ἀρβήλοις,
1225 1209 1331 1290 ὥςπερ
1361 1213 1392 1276 οἱ

449 1321 569 1384 πολλοὶ
601 1319 799 1402 γράφουςιν,
831 1318 902 1382 ἀλλ’
935 1321 970 1387 ἐν
1000 1322 1215 1399 Γαυγαμήλοις
1248 1322 1390 1397 γενὲςθαι

451 1430 611 1496 ςυνὲτιεςε.
655 1429 820 1509 (ημαὶνειν
849 1430 885 1494 δέ
913 1451 1008 1510 (ραςιν
1037 1429 1129 1496 οἶκον
1159 1432 1301 1510 καμήλου
1335 1435 1391 1510 τήν

450 1540 633 1623 διάλεκτον,
663 1541 733 1604 ἐπεὶ
760 1544 827 1604 τῶν
856 1541 955 1605 πάλαι
983 1561 1029 1606 τις
1057 1541 1211 1620 βαςιλὲων
1240 1542 1390 1621 ἐκφυγὼν

450 1650 624 1729 πολεμίους
646 1650 697 1714 ἐπὶ
716 1651 859 1730 καμήλου
876 1649 1037 1729 δρομάδος
1053 1652 1189 1715 ἐνταῦθα
1204 1653 1389 1730 καθίδρυςεν

450 1761 549 1841 αὐτὴν
571 1760 733 1828 ἀποτάξας
755 1761 844 1826 τινὰς
866 1757 996 1840 κώμας
1011 1762 1061 1825 καὶ
1076 1762 1257 1841 προςόδους
1272 1761 1316 1827 εἰς
1331 1765 1388 1841 τὴν
1562 1841 1563 1844 ¹

450 1873 640 1950 εἰιιμέλειαν.
682 1871 701 1950 ή
733 1871 791 1950 μὲν
821 1868 880 1934 οὖν
908 1872 1022 1951 ςελήνη
1051 1874 1110 1935 τοῦ
1138 1873 1384 1951 Βοηδρομιῶνος

449 2093 518 2170 χήν.
561 2090 712 2174 ἑνδεκάτη
745 2093 781 2154 δὲ
815 2089 881 2155 ἀπὸ
914 2095 969 2169 τῆς
1002 2090 1176 2170 ἐκλείψεως
1204 2092 1294 2156 νυκτὶ
1322 2098 1389 2156 τῶν

448 2200 672 2279 ςτρατοτιὲδων
695 2200 730 2266 ἐν
753 2201 829 2278 ὄψει
850 2200 1047 2282 γεγονότων,
1070 2201 1213 2279 Δαρεῖος
1235 2203 1292 2281 μὲν
1308 2210 1385 2265 cett.

248 2326 314 2390 Ubi
331 2350 427 2414 quam
442 2326 599 2392 absonum
616 2337 664 2391 est
680 2325 905 2391 Eratosthenis
921 2324 963 2389 ad
980 2327 1074 2390 istius
1090 2327 1216 2390 farinae
1238 2328 1389 2391 historio-

247 2436 310 2500 lam
325 2438 510 2526 appositum
525 2436 761 2517 testimonium,
785 2446 851 2500 tam
866 2435 950 2500 bene
964 2438 1153 2501 conveniret
1176 2438 1221 2500 eis
1245 2459 1326 2523 quae
1348 2437 1396 2500 de·

247 2547 379 2613 Arbelis
387 2557 418 2612 et
426 2547 635 2634 Gaugamelis
648 2555 680 2609 et
688 2546 728 2610 de
739 2545 834 2609 lunae
846 2546 1030 2610 defectione
1041 2545 1128 2610 faeta
1137 2547 1299 2630 dicuntur,
1307 2568 1390 2633 quae

246 2658 362 2723 suitam
371 2679 500 2744 pugnae
515 2658 670 2743 temporis
683 2655 905 2720 definitionem
921 2658 1087 2722 continent
1103 2667 1135 2722 et
1149 2658 1280 2722 omnino
1294 2679 1388 2722 aeon·

245 2777 348 2832 ratam
371 2765 586 2832 eruditionem
608 2767 779 2852 resipiunt.
816 2765 930 2851 Neque
946 2765 1042 2830 video
1065 2765 1151 2852 quod
1167 2767 1284 2848 obstet,
1309 2789 1385 2852 quo-

247 2874 353 2941 minus
375 2882 474 2943 ταῦτα
495 2879 552 2957 μὲν
576 2877 635 2943 οὖν
658 2877 883 2956 Ἐρατοςθένης
897 2876 1040 2956 ἱςτόρηκε
1055 2875 1157 2940 verba
1172 2878 1243 2940 sive
1258 2876 1386 2941 librari·

246 3009 338 3051 orum
365 2988 437 3051 sive
465 2988 569 3074 ipsius
597 2985 764 3051 Plutarchi
792 2994 848 3049 aut
877 2986 1018 3050 auctoris
1042 3007 1105 3071 quo
1127 2986 1230 3050 utitur
1251 2986 1387 3051 levitate

246 3096 352 3163 locum
367 3105 525 3178 mutasse,
548 3099 734 3182 iustumque
756 3094 885 3159 demum
908 3096 1014 3160 locum
1036 3104 1110 3182 post
1131 3095 1175 3162 εἰς
1197 3099 1256 3176 τὴν
1279 3099 1384 3178 ἐπιμέ-

247 3211 336 3274 λειαν
357 3205 517 3272 vocabula
539 3207 687 3271 obtinere
709 3227 906 3270 censeamus.

449 1982 571 2046 ἐξέλιπε
593 1982 666 2058 περὶ
687 1982 745 2060 τήν
767 1985 834 2046 τῶν
857 1982 1034 2061 μυςτηρὶων
1056 1987 1121 2045 τῶν
1144 1981 1307 2062 Ἀθήνηςιν
1332 1983 1387 2062 ἀρ-

330 3333 508 3397 Nearcho
536 3345 667 3398 auctore
695 3333 798 3397 utitur
824 3333 983 3396 Arrianus
1007 3333 1043 3413 6,
1075 3334 1129 3415 13,
1151 3332 1189 3416 4,
1221 3333 1256 3414 Ἰ,
1283 3335 1320 3416 3,
1348 3335 1384 3416 6;

246 3444 281 3525 7,
305 3443 362 3526 20,
386 3443 406 3506 9
428 3451 574 3506 extremo
595 3451 722 3506 tantum
745 3440 814 3530 loeo
837 3443 871 3504 in
886 3463 921 3504 re
935 3441 1065 3504 maioris
1080 3444 1247 3524 momenti,
1270 3444 1386 3509 ceteris

245 3553 280 3616 in
301 3551 399 3618 rebus
421 3551 607 3616 levissimis.
643 3554 758 3638 Aeque

331 3678 612 3763 Megasthenes
635 3689 685 3744 ter
707 3688 833 3743 tanturn
856 3679 975 3744 nitatur
996 3679 1033 3760 5,
1055 3679 1091 3759 5,
1118 3680 1150 3762 13
1173 3678 1212 3761 5,
1235 3680 1271 3760 6,
1294 3679 1329 3761 23
1354 3681 1384 3762 7,

246 3790 282 3871 2,
304 3789 326 3852 4
348 3789 389 3852 de
411 3809 474 3874 quo
496 3810 560 3853 non
583 3798 633 3852 est
656 3788 742 3876 quod
764 3788 904 3876 amplius
927 3789 1044 3853 dicam.

330 3914 370 3978 In
399 3914 624 3979 enumerandis
652 3914 694 3978 ab
717 3916 856 3979 Arriano
885 3915 1074 3979 nominatim
1102 3915 1245 3978 evocatis
1273 3925 1383 3980 aueto-

244 4023 335 4089 ribus
358 4023 501 4090 Simonis
523 4024 625 4111 praef.
648 4024 690 4088 ad
714 4027 788 4088 Arr.
812 4024 874 4088 Ed.
898 4024 973 4087 mai.
996 4045 1050 4109 pg.
1077 4024 1115 4088 16
1138 4046 1207 4111 sqq.
1231 4025 1342 4089 omisit

330 4135 611 4200 Onesicritum.
648 4134 700 4197 De
723 4155 786 4218 quo
809 4134 969 4199 Arrianus
993 4130 1090 4198 habet
1113 4133 1209 4198 haec:

194 4289 227 4341 58
286 4267 362 4332 Arr.
390 4269 426 4350 6,
449 4270 528 4351 2,3
557 4270 704 4336 Onesicr.
732 4269 773 4332 tr.
802 4270 843 4333 23
875 4307 911 4315 —
940 4270 1132 4351 κυβερνήτης
1160 4271 1381 4353 ’ονηςὶκριτος,

447 4381 483 4444 ὃς
506 4380 541 4446 ἐν
562 4389 600 4466 τῇ
624 4384 791 4461 ξυγγραφῇ
819 4381 934 4460 ἥντινα.
951 4379 1038 4459 ’ὑπὲρ
1062 4381 1272 4461 Ἀλεξάνδρου
1295 4381 1382 4450 ξυνέ-
