3160 5100
629 368 834 433 „51-

158 541 304 625 potuissc
325 548 363 603 ut
384 561 449 614 uno
465 547 591 603 tantum
613 539 648 603 in
670 536 740 602 loco
757 538 890 602 Curtius
906 540 1044 602 alterum
1065 534 1158 604 illum
1179 535 1304 604 fontem

158 649 278 732 adiret,
317 649 505 734 ceteroquin
533 658 620 714 totus
652 648 686 712 in
714 646 879 713 Clitarcho
907 649 1071 729 haereret,
1104 647 1196 712 cuius
1224 645 1303 711 levi-

71 783 75 791 ·
157 768 259 824 tatem
292 759 373 824 satis
407 780 569 844 superque
601 757 847 844 perspexisset?
879 757 1018 822 Accedit
1050 755 1138 843 quod
1168 755 1302 822 Curtius

157 867 230 934 aliis
252 890 381 955 quoque
396 866 475 933 locis
492 867 582 934 velut
598 869 633 950 8,
659 869 693 949 1,
719 868 757 932 17
779 867 924 931 inanium
945 865 1132 932 fabularum
1153 887 1303 933 severum

157 1001 192 1043 se
223 979 362 1044 iudicem
392 979 528 1065 praebet
555 989 588 1056 et
621 999 719 1063 saepe
742 977 856 1043 cadem
882 986 980 1063 atquo
1001 975 1163 1042 Arrianus
1191 976 1301 1058 tradit,

156 1088 247 1154 vclut
269 1089 359 1154 Curt.
375 1090 404 1169 3,
431 1090 465 1171 l,
488 1088 508 1152 9
522 1087 768 1153 Atheniensium
785 1087 905 1172 legatio
922 1097 955 1151 et
970 1085 1154 1151 Alexandri
1169 1107 1301 1173 rospon-

156 1221 227 1263 sum
244 1199 357 1264 eodem
379 1198 448 1262 fere
463 1197 559 1264 modo
582 1207 732 1263 narratur
753 1221 817 1284 quo
832 1197 875 1262 ab
890 1198 1033 1263 Arriano
1051 1199 1086 1278 1,
1109 1196 1162 1278 29,
1184 1197 1253 1264 het
1269 1197 1301 1262 6.

157 1347 194 1376 -.
219 1308 371 1374 Ceterum
395 1308 436 1374 de
452 1308 630 1393 Timagene
645 1308 789 1393 Augusti
803 1307 931 1395 aequali
954 1306 1071 1393 ablego
1092 1307 1134 1372 ad
1156 1305 1299 1373 CMuel-

153 1419 212 1483 leri
235 1419 276 1482 fr.
300 1419 375 1484 hist.
398 1440 447 1503 gr.
469 1420 506 1501 3,
530 1420 591 1483 317
608 1441 695 1506 sqq.;
724 1416 919 1484 Plutarchus
949 1439 1022 1482 eunr
1051 1416 1150 1481 semel
1172 1425 1299 1484 tantum
1363 1426 1367 1434 '

154 1529 342 1615 (Pompeius
364 1528 423 1610 49,
447 1529 481 1612 7)
505 1538 672 1594 auctorem
694 1529 789 1609 citat,
813 1528 936 1615 vixque
958 1526 1130 1614 quisquam
1153 1527 1300 1614 opinabi-

151 1650 220 1721 tur,
249 1639 460 1724 Timagcncm
489 1662 548 1726 pro
575 1639 708 1704 Arriani
735 1637 967 1725 Plutarchique
993 1637 1084 1703 fonte
1112 1636 1300 1703 habendum

151 1771 234 1816 esse.
271 1748 377 1815 Aliter
400 1749 441 1814 de
457 1749 571 1815 Curtio
594 1747 803 1814 iudicandum
827 1749 883 1835 qui
899 1747 1089 1833 Timagenis
1112 1746 1195 1814 libro
1212 1748 1299 1814 vide-

151 1869 204 1924 tur
231 1883 308 1925 usus
338 1882 425 1943 esse,
455 1863 574 1946 quique
600 1858 689 1924 haud
718 1859 785 1923 scio
813 1880 856 1922 an
878 1880 920 1923 ex
943 1857 1011 1923 solo
1033 1858 1212 1942 Timagene
1234 1857 1299 1923 Oli-

150 1969 299 2034 tarchum
321 1970 460 2038 noverit.
499 1971 583 2034 Sane
605 1991 680 2034 cum
702 1967 868 2033 Clitarcho
888 1968 1083 2053 Timagenes
1106 1967 1178 2034 loco
1200 1991 1300 2056 supra

150 2090 327 2145 memorato
349 2081 510 2163 congruit.

236 2190 311 2256 Non
332 2188 427 2255 aliter
450 2212 547 2277 quam
571 2189 613 2254 de
627 2189 741 2254 Curtio
760 2189 866 2254 sentio
888 2187 929 2252 de
945 2187 1097 2253 Dicdum.
1135 2188 1300 2255 Videlicet

149 2301 235 2365 idem
257 2301 423 2366 Diodorus
446 2323 541 2387 quern
558 2300 653 2366 Raun
668 2299 689 2364 l.
706 2322 734 2364 c.
750 2301 928 2364 maximam
943 2297 1100 2365 historiae
1114 2296 1299 2364 Alexandri

150 2419 277 2498 partem
300 2433 342 2475 ex
364 2413 436 2496 ipso
460 2409 626 2476 Clitarcho
648 2410 796 2474 hausisse
819 2409 951 2490 statuit,
975 2430 1047 2472 cum
1063 2409 1204 2475 Arriano
1220 2408 1295 2474 Plu·
1358 2414 1362 2420 '

150 2522 262 2586 tarcho
286 2521 400 2586 Curtio
428 2521 463 2585 in
490 2542 600 2607 pugna
622 2519 775 2584 Mallcnsi
798 2517 1024 2583 Alexandrum
1053 2539 1118 2582 non
1146 2541 1166 2584 a
1193 2518 1298 2585 Ptole·

151 2654 242 2696 maeo
265 2641 431 2698 servatum
454 2653 522 2696 csse
538 2640 667 2713 narrat,
690 2629 749 2694 sed
764 2629 896 2693 unicum
912 2627 999 2713 regis
1012 2627 1137 2732 pocium
1152 2630 1299 2696 nominat

150 2742 342 2807 Peucestam
364 2741 464 2808 Diod.
490 2742 542 2824 17,
566 2740 624 2824 99,
647 2743 678 2804 4.
716 2739 815 2820 Quod
847 2740 928 2803 bene
957 2738 1124 2825 conspirat
1153 2739 1296 2804 cumeis

150 2873 233 2938 quae
247 2850 309 2916 hac
332 2852 373 2915 de
395 2874 441 2934 re,
464 2873 538 2916 cum
553 2849 650 2917 valde
665 2850 887 2935 ambigeretur
902 2848 943 2913 de
958 2846 1140 2914 Alexandri
1156 2849 1298 2936 periculi

151 2963 262 3044 sociis,
285 2962 387 3028 refert
408 2961 585 3026 Arrianus:

100 3101 131 3148 ῃ
193 3072 268 3136 Arr.
291 3073 328 3155 6,
354 3073 410 3154 11,
434 3073 452 3137 7
475 3075 527 3138 καὶ
548 3074 606 3153 μὲν
629 3073 710 3151 ὑπὲρ
731 3077 797 3137 τῶν
821 3069 1104 3150 ὑπεραεπιεάντων
1120 3070 1157 3136 ἐν
1172 3078 1218 3155 τῷ
1233 3091 1298 3136 κιν-

353 3182 442 3267 δύνῳ
465 3183 691 3263 Ἀλεξάνδρου,
714 3181 895 3248 Πευκέεταν
917 3183 975 3261 μὲν
998 3181 1142 3258 γενέεθαι
1157 3182 1297 3262 ξύμπαν-

353 3314 405 3359 rec
427 3294 651 3374 ὁμολογοῡειν.
1205 3269 1215 3286 ‘

150 3405 265 3469 Nonne
277 3403 379 3469 multo
397 3400 598 3489 probabilius
611 3401 862 3489 suspicabimur,
880 3400 1063 3466 Diodorum
1079 3399 1217 3466 similem
1234 3401 1294 3464 Ar·

149 3516 234 3579 riani
245 3537 355 3580 rerum
366 3514 588 3578 narrationem
600 3523 676 3578 ante
686 3510 795 3578 oculos
807 3511 972 3593 hahuisse,
990 3509 1128 3598 ideoque
1140 3533 1213 3576 eum
1226 3519 1296 3576 tan-

150 3635 218 3689 tum
228 3624 410 3690 Alexandri
422 3625 547 3689 socium
559 3623 750 3687 nominatim
761 3625 797 3686 in
807 3621 891 3688 libro
903 3644 962 3687 suo
975 3619 1163 3703 collocasse,
1182 3621 1297 3707 dequo

150 3735 235 3800 inter
250 3757 360 3800 omnes
377 3736 554 3821 scriptores
571 3733 747 3798 convenire
762 3731 941 3818 cognovit?
964 3731 1038 3796 Non
1055 3732 1160 3815 magis
1177 3730 1221 3796 ad
1230 3732 1296 3796 Uli-

149 3840 1297 3929 tarchum,Diodoriauctoremrelerreausim,quodie,cumAlexande1·

149 3963 258 4021 utrum
280 3955 315 4018 in
336 3955 445 4020 Mallia
469 3977 511 4021 an
533 3957 567 4020 in
590 3954 775 4041 Oxydracis
799 3977 819 4019 a
840 3954 1002 4018 Peucesta
1023 3963 1173 4019 servatus
1197 3962 1295 4036 esset,

150 4065 369 4151 ambigeretur
390 4066 480 4149 (Arr.
496 4067 531 4146 6,
557 4068 612 4147 11,
635 4066 681 4151 3),
705 4065 789 4130 hanc
813 4063 1039 4130 difficultatem
1062 4064 1108 4128 ita
1130 4061 1295 4128 oblittera·

148 4179 212 4260 vit,
237 4187 274 4243 ut
297 4177 352 4259 17,
376 4175 433 4258 98,
460 4179 474 4240 1
504 4177 584 4241 haec
612 4175 769 4242 scriberet
798 4177 889 4241 Μετὰ
917 4177 953 4241 δὲ
981 4179 1080 4240 ταῦτα
1108 4173 1295 4255 ετρατεύεαε

149 4289 202 4353 ἐπὶ
224 4287 418 4367 Ὀξυδράκαι
440 4289 491 4352 καὶ
512 4288 588 4354 τοὺ(
611 4286 877 4382 ὀνομαζομένου(Ι
895 4286 1065 4369 Μαλλοὺς,
1094 4285 1172 4365 ἔθνη
1194 4288 1293 4352 πολυ-

149 4399 305 4479 άνθρωπα
328 4401 378 4465 καὶ
393 4399 521 4480 μάχιμα,
540 4419 679 4482 quocum
694 4393 911 4506 conferendus
927 4394 1009 4462 Iust.
1025 4394 1056 4477 9,
1078 4394 1111 4478 4,
1136 4394 1175 4462 15
1199 4393 1294 4459 ‘Inde

1054 4519 1090 4567 4.
