3160 5100
638 339 848 404 „23-

168 509 199 572 5.
215 509 244 572 7.
257 507 323 572 232.
337 508 401 572 28³.
418 507 486 573 28¹³.
502 507 713 574 46001011111
729 517 778 572 est
794 509 881 594 quod
896 509 1014 590 dicam,
1030 509 1167 573 0011001
1183 511 1319 593 exposui

170 618 224 682 vel
239 618 326 682 infra
341 617 489 682 dicturus
505 641 587 684 sum.
626 619 694 682 Vix
710 620 797 683 enim
812 618 914 684 ullum
930 619 1044 684 horum
1059 619 1318 704 fragmentorum

169 729 248 793 novi
271 729 445 814 quicquam
466 729 561 794 affert
582 729 625 794 ad
648 727 867 794 definiendam
890 730 997 816 operis
1014 727 1200 795 Aristobuli
1222 739 1317 796 natu·

168 860 239 902 ram
268 847 300 903 01
327 839 496 903 rationem.
540 839 703 903 Nimirum
735 839 962 906 Aristobulum
992 839 1190 906 militaribus
1220 840 1318 906 rebus

167 949 275 1012 minus
298 970 429 1036 operam
452 947 583 1014 dedisse
606 971 703 1036 quam
726 949 939 1038 descriptioni
954 960 1115 1015 terrarum
1130 951 1316 1038 plantarum

168 1058 362 1146 populorum
385 1057 554 1125 beluarum
576 1059 751 1126 fluviorum
772 1061 932 1125 montium
953 1061 1018 1124 iam
1041 1060 1187 1126 RGeier
1202 1059 1316 1126 Hulle-

168 1192 267 1233 mann
290 1168 472 1234 OMueller
499 1180 588 1235 reete
615 1162 927 1236 animadverterunt.
965 1171 1066 1256 Fugit
1095 1193 1173 1237 vero
1201 1171 1315 1238 doctos

168 1278 242 1344 illos
265 1280 354 1344 viros
376 1281 460 1344 mira
482 1279 539 1344 illa
554 1281 723 1368 scriptoris
739 1282 929 1368 superstitio
945 1282 979 1345 in
995 1280 1083 1346 haud
1098 1283 1212 1369 paucis
1227 1282 1316 1368 frag-

168 1390 288 1454 mentis
311 1391 502 1477 conspicua,
532 1392 589 1477 qui
616 1413 689 1456 cum
716 1391 836 1457 multus
860 1393 904 1456 sit
925 1393 961 1456 in
982 1391 1121 1456 oraculis
1151 1394 1315 1458 vaticiniis

168 1501 328 1588 portentis
355 1501 538 1566 referendis
567 1501 655 1566 haud
682 1502 748 1566 0010
776 1523 819 1566 an
839 1523 1082 1588 nonnumquam
1110 1501 1158 1567 ibi
1187 1525 1315 1590 quoque
1358 1514 1360 1518 '

166 1612 300 1678 Arriani
322 1620 435 1676 auctor
461 1611 564 1676 fuisse
592 1610 785 1677 statuendus
814 1614 872 1694 sit,
901 1613 959 1677 ubi
988 1633 1108 1678 nomen
1130 1612 1312 1679 Aristobuli

165 1745 231 1788 non
253 1721 383 1808 legitur.
422 1721 551 1802 Quibus
567 1721 646 1788 locis
662 1744 728 1787 non
749 1732 871 1787 temere
892 1721 1179 1789 adnumerabimus
1202 1745 1314 1790 omnes

166 1855 221 1898 eas
237 1835 441 1898 narrationes
458 1832 516 1899 ubi
531 1832 572 1896 de
583 1832 773 1898 Aristandri
785 1833 1015 1898 Telmissensis
1028 1832 1212 1898 Alexandri
1227 1835 1314 1900 vatis

166 1944 332 2009 vaticiniis
355 1946 480 2030 agitur,
504 1943 595 2010 velut
619 1945 654 2026 1,
680 1945 735 2025 11,
759 1943 796 2028 2,
822 1946 854 2026 1,
877 1943 929 2026 25,
953 1944 991 2028 8,
1013 1943 1045 2027 2,
1072 1944 1122 2027 18,
1148 1945 1182 2028 1,
1205 1945 1236 2027 2,
1259 1945 1312 2029 26,

165 2055 186 2119 .4
209 2076 347 2141 quocum
369 2053 604 2119 conferendum
626 2054 679 2135 27,
702 2053 738 2137 2,
758 2054 789 2138 3,
805 2053 837 2136 2,
860 2055 898 2139 2,
922 2055 954 2137 3,
979 2056 1008 2136 7,
1033 2055 1067 2140 6,
1091 2055 1122 2138 3,
1142 2055 1197 2138 15,
1222 2056 1257 2138 7,
1280 2057 1312 2138 4,

165 2165 196 2247 4,
220 2164 327 2230 30011.
352 2165 386 2248 9,
410 2165 441 2248 4,
460 2165 509 2248 15,
526 2166 556 2231 8.
594 2163 662 2229 Ubi
684 2185 762 2229 sane
784 2165 991 2248 mirabimur,
1015 2164 1092 2230 inde
1107 2165 1149 2231 ab
1165 2165 1227 2230 1100
1242 2165 1312 2230 1000

164 2297 296 2363 prorsus
319 2273 444 2340 nullam
466 2275 506 2341 ab
522 2276 663 2341 Arriano
685 2276 883 2340 mentionem
904 2275 976 2339 fieri
999 2275 1189 2340 Aristandri
1211 2275 1312 2360 illius,

165 2399 359 2473 quamquam
383 2386 482 2450 etiam
504 2387 539 2450 in
561 2385 687 2473 reliquo
709 2385 793 2450 libro
817 2394 933 2471 quarto
956 2395 988 2450 01
1007 2387 1043 2450 10
1057 2384 1191 2473 reliquis
1207 2386 1311 2451 tribus

164 2496 258 2562 libris
280 2496 368 2561 haud
389 2517 463 2560 raro
486 2497 644 2569 vaticinia
666 2496 932 2560 commemoravit
954 2505 987 2560 et
1008 2495 1135 2582 qualem
1158 2506 1312 2561 eventum

163 2617 277 2694 postea
303 2606 486 2672 habuerint.
524 2606 597 2673 Hoc
626 2606 759 2694 quidem
786 2628 851 2670 non
878 2606 1014 2672 fortuito
1043 2604 1201 2672 accidisse
1226 2606 1310 2671 iudi-

164 2717 327 2801 001011000,
350 2739 456 2804 neque
478 2719 568 2783 casui
589 2717 776 2800 tribuerim,
801 2716 888 2804 quod
910 2738 983 2780 oum
1005 2716 1041 2780 in
1063 2715 1157 2786 libris
1179 2715 1211 2780 2.
1232 2718 1264 2782 3.
1279 2717 1310 2781 4.

164 2829 194 2894 6.
212 2829 230 2893 7
247 2827 380 2892 Arriani
402 2828 482 2892 satis
503 2827 598 2914 larga
617 2828 876 2914 fragmentorum
890 2826 1175 2893 Aristobuleorum
1196 2830 1311 2894 messis

89 2923 91 2928 ¹
164 2938 361 3026 reperiatur,
386 2939 421 3002 in
443 2939 547 3024 primo
570 2935 654 3004 libro
676 2936 767 3002 nulla
795 2937 925 3002 omnino
954 2937 1023 3002 0100
1051 2938 1172 3003 mentio
1195 2938 1247 3021 fit,
1276 2939 1312 3003 in
1344 2981 1348 2989 -

164 3049 278 3136 quinto
314 3070 475 3135 nusquam
511 3049 626 3114 unicus
661 3052 771 3133 testis,
809 3047 859 3112 bis
892 3057 1019 3113 tantum
1056 3057 1168 3113 contra
1203 3048 1310 3114 Ρ1010-

163 3182 291 3225 1000001
318 3160 430 3224 inania
457 3159 617 3244 referens,
653 3159 754 3225 semel
788 3156 991 3223 concordans
1020 3180 1093 3222 cum
1123 3158 1310 3226 Ptolemaeo

163 3271 293 3336 citatur.
331 3269 393 3335 Oui
416 3272 597 3335 sententiae
624 3292 689 3334 non
712 3266 837 3352 obstat,
861 3267 949 3354 quod
972 3265 1166 3335 Plutarchus
1189 3270 1305 3337 Moral.

167 3383 182 3446 1
212 3402 267 3470 pg.
295 3380 359 3445 320
385 3390 417 3445 01
446 3381 466 3446 2
498 3404 553 3467 pg.
579 3377 1262 3470 1337110050.11101000οΒ01000111.23,
1290 3381 1310 3446 5

164 3489 390 3557 Aristobulum
412 3499 529 3556 testem
551 3490 663 3557 laudat
685 3513 793 3556 rerum
815 3499 1019 3555 narratarum
1043 3511 1125 3577 quae
1140 3491 1182 3554 ad
1198 3501 1309 3578 captas

164 3601 206 3667 ab
228 3601 419 3668 Alexandro
442 3601 572 3666 Thebas
596 3603 771 3688 pertinent.
809 3600 942 3666 Scilicet
968 3599 1067 3666 facile
1094 3600 1165 3664 fieri
1192 3603 1309 3688 potuit,

163 3721 199 3776 ut
214 3710 423 3778 Aristobulus
446 3710 525 3776 talia
548 3713 619 3777 sive
641 3713 675 3777 in
689 3712 754 3777 alio
771 3732 867 3798 opere
882 3712 953 3774 sive
969 3709 1056 3797 quod
1071 3712 1175 3796 magis
1190 3710 1309 3799 placet,

162 3825 196 3886 in
218 3831 408 3888 transcursu
430 3844 566 3888 narrans
588 3844 696 3887 rerum
720 3821 760 3887 ab
776 3821 969 3887 Alexandro
991 3823 1026 3885 in
1040 3823 1123 3888 Asia
1144 3832 1310 3908 gestarum

163 3934 338 3998 memoriae
365 3935 549 3999 inseruerit.
588 3931 700 4014 Quare
727 3933 836 3998 facere
862 3953 988 4019 nequeo
1015 3933 1095 4019 quin
1122 3932 1309 3999 Aristobuli

162 4043 282 4110 librum
304 4043 345 4109 ab
362 4044 503 4110 Arriano
525 4054 717 4132 usurpatum
741 4066 783 4108 ex
798 4065 835 4108 00
850 4043 981 4108 demum
996 4051 1141 4130 tempore
1157 4065 1309 4108 exorsum

164 4175 234 4218 0000
257 4155 419 4240 suspicer,
443 4177 505 4242 quo
528 4154 720 4220 Alexander
741 4155 777 4219 in
797 4153 913 4219 Asiam
936 4155 1077 4219 transiit.

248 4264 458 4330 Aristobulus
480 4267 567 4352 ipse,
590 4276 627 4330 ut
649 4264 737 4348 dixi,
761 4265 833 4351 quis
857 4273 889 4328 et
911 4262 1016 4350 qualis
1040 4264 1156 4345 fuerit,
1179 4265 1307 4349 paucis-

162 4378 245 4442 sima
266 4386 393 4442 tan-tum
417 4385 533 4440 extant
553 4377 676 4442 indicia
697 4376 732 4441 in
753 4373 887 4440 Arriani
909 4396 1016 4461 opere.
1054 4373 1184 4456 Quibus
1206 4373 1307 4441 adnu-
