3160 5100
700 353 887 417 ..4-

429 543 502 585 eum
517 521 617 586 duces
641 521 683 585 de
698 523 752 586 via
767 522 969 607 ambigerent
984 545 1047 609 qua
1063 524 1219 590 ducerent
1233 511 1275 588 a'd
1290 527 1368 589 Am-

429 633 533 696 monis
556 619 727 718 templum:
750 635 953 714 Πτολεμαῖος
975 635 1093 713 μὲνδὴ
1117 635 1262 713 ὁΛάγου
1285 638 1371 712 λέγει

428 744 605 821 δράκοντας
633 745 692 808 δύο
721 742 801 810 ἰέναι
829 745 892 823 πρὸ
921 747 980 808 τοῦ
1002 744 1232 823 ςτρατεύματος
1254 748 1369 826 φωνὴν

428 854 545 936 ἱέντας,
559 855 609 918 καὶ
623 853 750 918 τούτοις
765 855 976 933 Ἀλέξανδρον
991 859 1134 920 κελεῦςαι
1151 855 1278 920 έπεςθαι
1293 857 1370 920 τοὺς

426 963 585 1042 ἡγεμόνα(
607 964 833 1029 πιςτεύςαντας
855 972 901 1047 τῷ
923 964 1006 1048 θείῳ.
1044 965 1120 1029 τοὺς
1142 965 1177 1028 δὲ
1199 965 1368 1044 ἡγήςαςθαι

426 1074 484 1150 τὴν
513 1072 594 1137 ὁδὸν
622 1075 681 1153 τήν
709 1094 744 1138 τε
773 1073 807 1139 ές
834 1075 872 1139 τὸ
898 1077 1050 1153 μαντεῖον
1072 1076 1123 1138 καὶ
1145 1074 1245 1139 ὀπίςω
1268 1075 1366 1139 αὖθις.

426 1182 670 1262 Ἀριςτόβουλος
692 1185 743 1261 δὲ,
766 1185 816 1247 καὶ
838 1183 857 1247 ὁ
872 1183 993 1248 πλείων
1009 1184 1107 1260 λόγος
1122 1184 1220 1267 ταύτῃ
1235 1185 1368 1266 κατέχει,

426 1292 562 1370 κόρακας
578 1292 637 1356 δύο
648 1293 911 1371 προπετομένους
922 1295 986 1372 πρὸ
997 1298 1053 1372 τῆς
1067 1299 1220 1376 ςτρατιᾶς,
1232 1294 1368 1358 τούτους

427 1402 482 1485 [an
515 1403 601 1467 οὕτω
630 1399 684 1464 vel
710 1400 863 1484 obruet]
891 1403 1034 1478 γενέςθαι
1064 1404 1263 1486 Ἀλεξάνδρῳ
1292 1404 1369 1467 τοὺς

426 1511 595 1591 ἡγεμόνας.
634 1512 689 1574 Καὶ
717 1511 766 1576 ὅτι
794 1513 851 1590 μὲν
879 1512 968 1579 θεῖόν
990 1535 1019 1577 τι
1041 1514 1256 1593 ξυνεπέλαβεν
1278 1514 1366 1596 αὐτῷ

425 1622 490 1701 έχυι
519 1621 744 1703 ἰςχυρίςαςθαι,
772 1621 820 1685 ότι
847 1623 898 1686 καὶ
918 1625 957 1688 ud
980 1622 1064 1688 τίεὸς
1085 1622 1183 1706 ταύτῃ
1206 1623 1281 1701 ἔχει.
1326 1625 1364 1687 τὸ

426 1734 462 1796 δὲ
488 1731 617 1809 ἀτρεκὲς
643 1734 702 1794 τοῦ
725 1731 825 1806 λόγου
848 1731 1025 1812 ἀφείλοντο
1054 1733 1084 1796 οἱ
1107 1732 1188 1816 ἄλλῃ
1206 1733 1261 1796 ’καὶ
1283 1731 1365 1816 ἄλλῃ

429 1842 509 1920 ὑπὲρ
532 1841 633 1905 αὐτοῦ
655 1840 890 1919 έξηγηςάμενοι.

308 1949 529 2014 Ptolemaeum
561 1949 603 2012 ab
631 1950 737 2012 inanis
766 1951 1004 2035 superstitionis
1033 1951 1169 2014 crimine
1197 1951 1365 2014 vindicare

223 2059 350 2124 studuit
365 2059 394 2122 R
411 2059 526 2142 Geier,
550 2059 641 2127 cuius
657 2058 759 2122 verba
779 2059 954 2146 descripsit
969 2059 996 2123 O
1012 2059 1149 2124 Mueller
1164 2060 1182 2125 l.
1199 2082 1228 2123 c.
1243 2083 1298 2147 pg.
1314 2062 1364 2128 88.

224 2169 274 2232 Ac
296 2171 377 2232 mihi
405 2168 536 2256 quidem
559 2190 624 2232 non
644 2170 816 2254 persuasit.
854 2171 900 2234 At
927 2171 984 2232 has
1014 2191 1065 2233 res
1087 2192 1173 2234 nunc
1200 2192 1236 2234 eo
1259 2172 1365 2234 minus

224 2301 317 2361 curo,
342 2281 418 2365 quia
440 2279 615 2342 discrimen
638 2278 724 2364 quod
745 2280 832 2343 inter
846 2278 1025 2344 Ptolemaei
1048 2289 1079 2344 et
1095 2279 1279 2344 Aristobuli
1294 2302 1365 2343 nar-

223 2390 382 2452 rationem
405 2390 579 2454 intercedit
600 2387 698 2452 facile
720 2389 797 2451 inde
820 2389 977 2475 explicari
992 2397 1114 2476 potest,
1138 2391 1225 2475 quod
1239 2390 1365 2453 Aristo·

223 2498 319 2562 bulus
348 2498 526 2562 Ptolemaei
549 2497 744 2562 draconibus
767 2520 882 2563 corvos
905 2498 1091 2580 substituit,
1115 2498 1365 2581 credibiliorem,

223 2611 354 2694 opinor,
378 2631 446 2671 rem
467 2607 667 2671 redditurus.
704 2607 844 2694 Reliqua
865 2617 992 2672 tantum
1015 2631 1080 2674 non
1103 2609 1309 2674 concordant.

174 2737 204 2782 11
266 2720 447 2802 Arr.3,4‚
463 2720 494 2783 5.
524 2717 719 2800 Ptol.fr.8;
743 2718 949 2782 Aristobfr.
968 2719 1016 2782 10.
1055 2722 1206 2784 Ἐνταῦθα
1223 2722 1365 2787 Ἀλέξαν-

425 2833 502 2908 opor
524 2829 581 2894 τόν
603 2850 638 2893 τε
660 2833 769 2907 χῶρον
793 2829 947 2910 ἐθαύμαςε
970 2831 1022 2894 καὶ
1043 2837 1088 2914 τῷ
1110 2835 1173 2914 θεῷ
1191 2831 1363 2910 έχρήςατο·

425 2941 476 3003 καὶ
498 2939 635 3004 ἀκούςας
658 2937 717 3003 όςα
745 2939 832 3023 αὐτῷ
860 2942 943 3017 πρὸς
966 2943 1067 3021 θυμοῦ
1090 2939 1147 3023 ἦν,
1177 2941 1222 3005 ὡς
1243 2940 1365 3017 έλεγεν,

427 3050 594 3115 ἀνέζευξεν
610 3049 665 3112 ἐπ’
681 3046 860 3131 Ἀἰγόπτου,
884 3049 928 3113 ὡς
944 3051 1001 3128 μὲν
1016 3051 1256 3131 Ἀριςτόβουλος
1271 3051 1365 3127 λέγει,

425 3161 483 3236 τὴν
506 3159 605 3236 αὐτὴν
628 3157 729 3222 ὀπίςω
752 3157 848 3241 ὁδόν,
872 3159 917 3223 ὡς
940 3162 975 3223 δὲ
990 3162 1191 3239 Πτολεμαῖος
1213 3160 1364 3242 ὁΛάγου,

426 3268 526 3347 ἄλλην
549 3268 675 3332 εὐθεῖαν
699 3268 743 3331 ὡς
766 3269 818 3332 ἐπὶ
841 3269 979 3348 Μέμφιν.

223 3379 275 3441 Dc
298 3379 394 3441 huius
418 3378 657 3462 discrepantiae
672 3397 787 3440 caussa
803 3376 848 3440 nil
864 3379 944 3441 certi
967 3386 1109 3442 statuere
1131 3380 1246 3442 ausim.
1291 3379 1362 3442 Nisi

222 3492 307 3552 forte
334 3485 518 3551 Aristobuli
550 3487 766 3552 narrationem
797 3487 875 3549 inde
902 3496 1011 3550 natam
1038 3509 1108 3551 esse
1131 3489 1364 3567 existimemus,

223 3599 310 3685 quod
338 3596 562 3661 Alexandrum
595 3598 667 3660 sive
698 3599 788 3660 corvi
821 3599 893 3661 sive
926 3597 1082 3662 dracones
1111 3608 1142 3662 et
1171 3599 1304 3662 duxisse
1333 3606 1365 3660 ct
1443 3641 1446 3654 ι

222 3715 380 3772 reclusisse
397 3706 480 3790 (vid.
496 3707 556 3770 No.
576 3707 614 3770 10
628 3708 799 3786 ἡγήςαςόαι
813 3709 871 3788 τὴν
887 3709 967 3774 ὁδὸν
983 3711 1041 3788 τήν
1056 3730 1090 3772 τε
1112 3710 1144 3773 ἐς
1159 3711 1197 3772 τό
1213 3710 1363 3788 μαντεῖον

223 3821 274 3884 καὶ
296 3819 420 3883 ὀπίςω
444 3817 569 3904 αὖθις)
593 3816 816 3881 tradebantur.

174 3954 204 3999 ιο
265 3932 339 3991 Arr.
355 3929 390 4008 3,
407 3929 459 4009 30,
475 3927 506 3991 5.
533 3925 617 3992 Ptol.
633 3927 673 3994 fr.
691 3928 746 4010 113
764 3928 910 3991 Aristob.
922 3929 963 3991 fr.
982 3928 1031 3991 18.
1058 3929 1178 4010 Agitur
1194 3926 1235 3988 (le
1250 3928 1362 3990 Besso.

425 4017 628 4122 Spitamenes
644 4045 676 4100 ct
692 4037 917 4122 Dataplrerncs
934 4057 976 4100 ex
992 4038 1065 4100 vico
1080 4037 1137 4100 ubi
1153 4038 1273 4101 Bessus
1297 4047 1366 4100 crat

423 4148 585 4230 abierunt,
601 4148 678 4232 quia
693 4147 829 4210 Bessum
845 4145 1035 4211 Alexandro
1050 4147 1179 4211 tradere
1196 4171 1249 4212 eos
1265 4146 1364 4234 pude-

426 4258 492 4322 bat.
526 4257 729 4322 Ptolemaeus
752 4279 831 4320 vero
854 4255 939 4340 (scil.
963 4257 1047 4341 Lagi
1063 4257 1149 4322 lilius
1168 4259 1211 4321 cf.
1227 4279 1297 4343 cap.
1313 4257 1362 4335 29,

426 4370 443 4431 7
461 4366 572 4452 med),
586 4377 680 4452 capto
697 4367 797 4430 Besso
812 4367 853 4428 ad
866 4366 1091 4430 Alexandrum
1106 4390 1257 4431 reversus
1272 4367 1364 4430 abeo
