3160 5100
731 323 940 387 --24-

265 515 354 560 mero
376 515 459 580 quae
480 493 518 576 4,
540 495 575 576 6,
601 494 640 556 10
663 493 824 578 leguntur.
861 491 914 556 Ibi
933 491 1119 576 Sogdianac
1141 490 1276 554 flumina
1298 511 1413 554 recon-

266 627 340 670 scns
356 602 515 670 Arrianus
531 604 616 668 inter·
630 603 696 668 alia
712 601 944 690 Polytimetum
959 603 1121 683 nominat,
1144 601 1185 665 de
1201 623 1264 687 quo
1281 601 1412 666 Aristo-

266 714 378 780 bulum
401 713 551 779 retulisse
574 723 686 800 aperte
708 722 848 778 testatur
870 713 988 780 Strabo
1014 715 1050 777 11
1074 735 1128 801 pg.
1151 713 1224 778 518.
1263 709 1328 778 Sed
1350 709 1411 775 ad-

267 823 389 891 duntur
410 826 445 888 in
467 825 600 890 Arriani
622 822 643 888 l.
668 845 695 887 c.
719 825 814 888 haec:

217 1012 250 1059 τι,
310 988 385 1050 Arr.
407 985 445 1067 4,
468 985 505 1066 6,
530 984 570 1049 10
591 987 642 1051 καὶ
665 985 720 1051 εἰεὶ
741 987 917 1066 ξύμπαντες
947 986 1036 1051 οὗτοι
1065 991 1244 1065 τηλικοῦτοι
1272 988 1414 1065 ποταμοὶ

472 1095 551 1161 ὥετε
580 1096 685 1162 οὐδεὶς
719 1095 826 1163 αὐτῶν
860 1096 957 1178 μείων
991 1096 1052 1161 ἐετὶ
1084 1099 1143 1161 τοῦ
1176 1097 1319 1175 Πηνείου
1351 1100 1413 1160 τοῦ

471 1207 661 1271 Θεεεαλικοῦ
683 1210 830 1286 ποταμοῦ
837 1256 846 1288 ,
870 1208 906 1272 ‘dc
929 1207 981 1271 διὰ
1002 1213 1069 1271 τῶν
1091 1207 1231 1285 Τεμπῶν
1252 1205 1335 1285 ῥέων
1359 1206 1411 1270 έκ-

472 1318 557 1380 διδοϊ
572 1315 604 1380 ἐε
619 1315 790 1380 θάλατταν·
813 1316 831 1380 ὁ
849 1318 884 1380 δὲ
899 1316 1119 1395 Πολυτίμητος
1134 1317 1219 1380 πολὺ
1235 1315 1280 1380 ἔτι
1295 1317 1411 1394 μείζων

472 1425 491 1502 ἢ
514 1425 593 1490 κατὰ
614 1426 672 1491 τὸν
695 1425 836 1504 Πηνειὸν
859 1426 1005 1506 ποταμόν
1028 1426 1100 1490 έετι.

270 1594 365 1675 Quae
388 1596 458 1660 sivc
480 1592 663 1658 Aristobuli
686 1595 825 1682 patriam
848 1595 919 1658 sive
942 1616 1015 1658 eum
1037 1603 1125 1660 certe
1145 1594 1253 1660 locum
1275 1593 1411 1681 prodere

270 1705 427 1787 arbitror,
450 1726 513 1791 quo
536 1725 617 1790 opus
640 1726 733 1768 suum
755 1705 982 1792 composuerit.
1021 1704 1092 1769 Iam
1115 1726 1192 1770 vero
1215 1705 1410 1784 Καεανδμεύε

271 1823 405 1882 vocatur
427 1837 447 1879 a
469 1813 612 1879 Luciano
627 1814 772 1880 lliacrob.
796 1815 854 1898 223
878 1814 1047 1880 Athenaeo
1062 1815 1099 1897 2,
1114 1815 1156 1880 43
1172 1815 1219 1898 D3
1243 1814 1274 1896 6,
1290 1814 1350 1879 251
1367 1815 1408 1895 D,

271 1923 457 1990 Casandrea
488 1934 596 1990 autem
629 1925 707 1990 urbs
739 1947 809 1989 cum
838 1948 922 1991 anno
951 1925 1080 1990 demum
1108 1925 1171 1989 316
1198 1947 1217 1988 a
1245 1924 1410 1990 Casandro

272 2035 439 2121 Antipatri
460 2034 526 2099 filio
548 2044 628 2100 natu
650 2036 793 2101 maximo
823 2034 956 2100 condita
986 2037 1043 2117 sit,
1072 2045 1325 2100 consentaneum
1353 2045 1410 2118 est,

272 2165 450 2230 cognomen
486 2142 569 2208 illud
604 2145 794 2210 Aristobulo
831 2168 897 2210 non
932 2155 1102 2232 propterea
1131 2145 1290 2230 obtigisse
1326 2145 1411 2231 quod

273 2255 480 2322 Casandreae
501 2263 596 2319 natus
620 2265 721 2338 esset,
745 2255 803 2320 sed
826 2253 913 2343 quod
936 2265 1005 2319 tum
1028 2277 1100 2318 curn
1121 2277 1201 2342 opus
1224 2278 1319 2321 suum
1341 2277 1412 2319 con-

273 2365 430 2432 scriberet
450 2363 497 2428 ibi
512 2376 701 2431 moraretur.
742 2365 951 2453 Quapropter
966 2363 1107 2430 barbara
1121 2364 1179 2430 illa
1193 2365 1413 2430 flumina'cum

273 2479 380 2544 Peneo
403 2476 534 2542 flumine
562 2477 765 2563 comparavit
793 2499 812 2540 a
841 2498 903 2563 quo
927 2475 1134 2562 Casandreae
1163 2478 1265 2541 vitam
1293 2475 1413 2560 degens

274 2587 421 2676 proxime
443 2585 584 2650 abesset.
608 2625 649 2633 -
672 2585 852 2650 CMueller
867 2584 888 2648 l.
912 2607 939 2648 c.
964 2584 1130 2650 contendit
1146 2584 1373 2651 Aristobulum
1395 2608 1414 2650 a

274 2697 435 2766 Casandri
471 2695 618 2784 partibus
656 2697 797 2761 stetisse.
846 2693 943 2775 Quod
976 2697 1093 2781 quibus
1127 2685 1319 2763 rationibus
1343 2718 1414 2783 pro·

274 2811 409 2875 baturus
432 2809 490 2889 sit,
514 2827 565 2870 me
587 2807 713 2870 nescire
727 2806 842 2871 fateor.
879 2806 1011 2870 Etenim
1025 2805 1149 2871 nullum
1166 2817 1315 2893 superest
1330 2806 1415 2892 frag-

274 2929 419 2984 mentum
440 2916 638 2999 Aristobuli,
662 2916 748 3002 quod
771 2938 835 2981 non
851 2915 1032 2980 Alexandri
1053 2915 1304 2981 admirationem
1325 2918 1416 2982 lavo·

275 3052 406 3116 remque
436 3027 568 3115 prodat,
598 3027 685 3114 quod
712 3049 778 3090 non
804 3026 949 3091 futurum
976 3028 1079 3092 fuisse
1107 3027 1223 3113 opinor
1244 3029 1279 3091 in
1302 3049 1339 3092 eo
1361 3027 1417 3113 qui

277 3139 459 3206 Alexandri
479 3138 670 3202 adversario
690 3137 817 3202 faveret
832 3137 1016 3219 Casandro,
1039 3137 1177 3225 ideoque
1192 3137 1276 3202 hanc
1291 3159 1419 3224 quoque

278 3251 320 3315 ob
357 3271 505 3313 caussam
544 3248 691 3334 suspicor
721 3245 949 3312 Aristobulum
986 3248 1116 3311 demum
1152 3258 1226 3334 post
1256 3246 1419 3313 Casandri

277 3359 401 3445 filiique
424 3358 492 3420 eius
516 3357 698 3420 Alexandri
720 3366 873 3438 mortem,
903 3367 977 3443 post
1006 3379 1126 3422 annum
1154 3357 1254 3442 igitur
1276 3357 1339 3422 294
1367 3356 1417 3420 vel

277 3470 337 3534 287
361 3489 469 3531 rerum
497 3475 665 3551 gestarum
691 3467 860 3531 historiam
888 3470 1117 3553 composuisse.
1157 3467 1331 3533 Senectute
1354 3469 1417 3532 ianr

278 3589 432 3667 provecta
454 3575 679 3642 Aristobulum
707 3575 749 3640 ad
773 3577 981 3643 scribendum
1005 3599 1039 3642 sc
1061 3579 1244 3643 accinxisse
1273 3601 1316 3642 ex
1337 3578 1418 3665 ipsis

279 3689 447 3776 scriptoris
470 3687 579 3752 verbis
602 3689 702 3753 refert
724 3689 890 3755 Lucianus
913 3687 1058 3753 Macrob.
1081 3689 1123 3753 22
1146 3689 1418 3771 Ἀριετόβοιιλοεὸ

282 3800 479 3879 Καεανδμεὺε
507 3799 587 3878 ὑπὲρ
615 3801 654 3864 τὰ
677 3801 871 3880 ἐνενήκοντα
898 3799 952 3879 έτη
981 3801 1104 3876 λέγεται
1132 3801 1325 3881 βεβιωκέναι.
1362 3801 1419 3878 τὴν

279 3911 421 3991 ῑετομίαν
443 3911 596 3989 τέταρτον
625 3911 674 3974 καὶ
697 3910 914 3989 ὀγδοηκοετὸν
946 3910 1018 3975 drot
1043 3911 1188 3986 γεγονὼτ
1210 3911 1327 3990 ἤρξατο
1350 3929 1419 3985 ενγ-

280 4023 433 4104 γράφειν,
456 4019 500 4084 ωε
523 4019 621 4085 αὐτὸ(
637 4020 671 4086 ἐν
687 4020 767 4104 ἀρχῇ
784 4025 839 4099 τῆε
854 4021 1066 4100 πραγματεία(
1081 4021 1176 4097 λέγει.
1214 4019 1307 4084 Tunc
1321 4020 1420 4104 igitur

282 4141 313 4194 ct
337 4129 504 4194 Casander
527 4139 559 4194 ct
582 4131 649 4194 eius
672 4129 731 4194 filii
754 4132 872 4195 mortui
896 4139 1002 4210 eraut,
1026 4139 1062 4194 ut
1084 4152 1148 4194 non
1170 4138 1301 4194 coactus
1323 4129 1420 4193 fuerit

282 4261 476 4326 quamquam
489 4239 695 4306 Cassandreae
707 4242 842 4306 vivebat
857 4241 891 4303 in
906 4238 1043 4304 historia
1066 4237 1288 4326 componenda
1311 4239 1420 4303 debito

282 4351 436 4414 maiorem
464 4349 633 4416 Casandro
661 4352 805 4420 tribucre
833 4360 968 4437 partem.
1010 4347 1121 4416 Nihilo
1147 4351 1252 4415 minus
1267 4348 1420 4436 -quodam
