3160 5100
753 335 962 399 ..ὅθ-

821 551 841 627 ς
863 547 894 610 9.

283 680 337 748 De
360 655 546 750 Clitarcho
570 681 691 748 Curtii
712 681 851 748 lustini
874 681 1024 748 Diodori
1054 682 1098 747 ut
1119 681 1247 747 ferunt
1268 682 1432 747 auctore.

329 819 332 824 ¹
366 835 450 899 Cum
489 856 593 922 nuper
631 834 754 898 CRaun
790 835 938 920 (Bonnae
971 833 1060 920 apud
1089 833 1236 898 Marcum
1265 833 1362 918 1868)
1398 834 1434 895 in

280 943 482 1010 Clitarchum
496 945 601 1008 Curtii
619 944 741 1010 Justini
759 923 1322 1038 Diodori·auctoreminquisiverit,
1343 937 1435 1026 equi-

281 1053 354 1117 dem
369 1056 480 1140 paucis
488 1053 667 1119 absolvam.
683 1051 1106 1139 ScilicetDroyseniCrotii
1116 1050 1434 1118 ArnoldiSehaeferi

280 1163 355 1226 VV.
372 1163 449 1228 DD.
471 1164 623 1249 vestigiis
639 1165 793 1228 insistens
809 1163 864 1226 ille
879 1163 943 1228 sibi
958 1163 1120 1249 persuasit
1135 1160 1169 1244 (l.
1183 1183 1210 1224 c.
1227 1184 1259 1246 p.
1274 1161 1315 1223 41
1332 1160 1434 1245 sqq),

282 1271 463 1337 Diodorum
472 1271 635 1337 Iustinum
642 1272 793 1339 Curtium
805 1295 847 1338 ex
858 1275 929 1360 ipso
937 1271 1113 1350 Clitarch0,
1122 1254 1187 1336 non
1199 1291 1241 1334 ex
1252 1269 1317 1334 alio
1329 1270 1434 1356 scrip-

281 1391 351 1445 tore
367 1381 567 1446 Clitarchum
584 1392 694 1470 secuto
710 1405 769 1447 sua
784 1383 942 1449 hausisse.
976 1383 1027 1446 Ac
1042 1382 1204 1446 Iustinum
1220 1379 1352 1466 quidem
1368 1379 1437 1441 iam

282 1512 380 1578 supra
403 1491 472 1577 (pg.
494 1489 538 1556 22
559 1493 622 1581 No.
645 1493 701 1580 53)
724 1495 837 1557 monui
866 1492 965 1558 semel
994 1514 1062 1556 rem
1089 1511 1222 1555 narrare
1250 1489 1348 1575 quam
1370 1488 1435 1552 soli

280 1611 317 1668 ut
332 1601 465 1666 videtur
479 1603 671 1669 Aristobulo
687 1603 805 1668 tribuit
820 1602 1025 1668 Plutarchus.
1066 1601 1111 1666 Et
1126 1611 1212 1666 certe
1234 1598 1368 1685 quidem
1391 1619 1437 1660 ex

281 1709 343 1775 hac
371 1733 438 1775 una
464 1712 635 1778 amborum
658 1714 852 1801 scriptorum
881 1714 1094 1777 consensione
1122 1711 1163 1774 de
1193 1709 1314 1775 Iustini
1341 1709 1436 1772 fonte

281 1822 362 1884 certi
389 1820 565 1907 quidquam
589 1821 737 1888 concludi
759 1824 888 1908 nequit,
912 1844 985 1887 eum
1008 1820 1252 1888 concedendurn
1276 1820 1335 1900 sit,
1359 1819 1434 1881 fieri

282 1931 444 2017 potuisse,
478 1940 515 1996 ut
542 1931 726 1997 Clitarchus
760 1954 856 2019 quem
884 1931 1078 1998 Aristobulo
1112 1931 1325 1994 recentiorem
1360 1951 1435 1992 esse

283 2043 419 2122 scimus,
454 2062 496 2104 ex
530 2042 714 2107 Aristobuli
745 2062 841 2130 opere
874 2040 963 2106 illam
995 2041 1183 2105 memoriam
1216 2039 1434 2126 depromeret.

283 2148 367 2214 Nolo
396 2143 473 2234 ergo
496 2151 623 2216 Raunio
651 2151 783 2239 obloqui
811 2153 868 2238 qui
891 2149 1092 2216 Clitarchum
1119 2151 1227 2238 ipsum
1254 2169 1274 2212 a
1303 2148 1434 2213 Iustino

283 2268 474 2347 usurpatum
490 2282 561 2325 esse
577 2260 641 2325 sibi
657 2262 809 2326 videatur
824 2261 1072 2326 demonstrasse.
1102 2260 1149 2326 At
1164 2281 1228 2324 non
1243 2259 1321 2323 item
1338 2268 1435 2324 extra

284 2392 412 2434 omnem
435 2370 674 2436 dubitationem
689 2371 884 2437 collocatum
906 2393 978 2436 esse
1001 2371 1166 2452 existimo,
1183 2370 1333 2434 Curtium
1348 2369 1432 2433 Dio-

182 2531 185 2538 .
286 2480 465 2567 donumque
487 2503 589 2568 aeque
613 2503 655 2545 ex
677 2483 750 2567 ipsc
773 2481 939 2547 Clitaroho
962 2481 1116 2569 pendere.

373 2590 537 2654 Nimirum
559 2588 615 2654 ille
637 2591 707 2677 ipse
730 2592 819 2656 locus
842 2592 977 2656 Arriani
998 2591 1036 2674 6,
1061 2592 1116 2672 11,
1140 2593 1160 2654 8
1183 2590 1225 2654 de
1247 2611 1310 2676 quo
1332 2590 1435 2654 aliam

284 2703 326 2764 ob
348 2721 496 2764 caussam
520 2701 658 2786 exposui
681 2723 734 2787 pg.
749 2703 792 2766 46
808 2702 869 2766 No.
887 2703 927 2766 74
949 2700 1121 2767 manifesto
1140 2709 1253 2766 contra
1267 2701 1433 2764 Rutunium

283 2818 418 2896 pugnat.
450 2808 502 2873 lbi
516 2811 677 2874 Arrianus
694 2833 835 2876 errorem
851 2833 961 2877 eorum
979 2813 1035 2897 qui
1050 2811 1271 2876 Ptolemaeum
1286 2809 1433 2874 Alexan-

284 2920 343 2983 dro
365 2921 399 2982 in
421 2941 547 2984 summo
570 2919 760 2986 discrimine
783 2923 928 2986 versanti
956 2923 1156 2986 succurrisse
1182 2930 1367 3002 autument,
1394 2943 1434 2986 eo

284 3029 420 3110 refutat,
450 3017 547 3116 quod‘
565 3031 635 3117 ipse
657 3030 861 3096 Ptolemaeus
884 3040 1038 3115 testatur,
1067 3053 1104 3096 eo
1131 3040 1275 3118 ternpore
1303 3030 1368 3095 alia
1398 3033 1434 3094 in

283 3140 418 3224 regione
440 3139 563 3204 bellum
585 3161 621 3204 se
642 3143 795 3226 gessisse.
833 3141 957 3206 Eadem
985 3164 1118 3227 prorsus
1148 3143 1433 3227 argumentatione

283 3271 362 3312 usus
385 3249 518 3313 Curtius
542 3250 577 3331 9,
600 3251 636 3334 5,
659 3252 699 3314 21
722 3253 803 3316 haec
824 3251 939 3316 habet:
968 3251 1206 3317 ‘Ptolemaeum
1235 3253 1291 3338 qui
1318 3261 1434 3338 postea

284 3359 437 3442 regnavit
458 3357 534 3421 huic
555 3357 685 3446 pugnae
706 3363 852 3428 adfuisse
873 3371 985 3427 auctor
1007 3372 1057 3426 est
1072 3361 1259 3444 Clitarchus
1275 3370 1307 3426 et
1322 3361 1432 3425 Tima-

285 3489 397 3552 genes.
435 3467 500 3532 sed
522 3469 594 3554 ipse
616 3471 742 3536 seilicet
762 3471 886 3556 gloriae
908 3495 984 3538 suae
1006 3495 1071 3542 non
1085 3472 1285 3556 refragatus,
1307 3472 1434 3537 afuisse

286 3599 336 3659 se,
360 3579 495 3643 missum
517 3579 552 3643 in
574 3580 816 3668 expeditionem
843 3585 1018 3648 memoriae
1043 3583 1189 3648 tradidit.
1227 3581 1333 3647 Tanta
1355 3603 1432 3646 con-

285 3689 473 3773 ponentium
496 3700 628 3756 vetusta
652 3714 760 3772 rerum
782 3703 989 3760 monumenta
1011 3693 1065 3758 vel
1092 3692 1266 3778 securitas,
1297 3691 1350 3758 vel
1372 3715 1433 3779 par

284 3797 361 3863 huic
388 3801 522 3883 vitium,
551 3800 727 3868 credulitas
755 3803 841 3869 fuit'
884 3805 930 3870 At
957 3815 1048 3870 estne
1077 3803 1255 3869 verisimile
1279 3803 1430 3868 Curtium

286 3909 399 3973 eodem
422 3909 587 3977 Clitarcho
600 3895 653 3976 'de
681 3936 744 3999 quo
766 3915 888 3979 iustum
915 3915 973 3979 sed
995 3914 1149 3980 acerbum
1175 3915 1334 3980 iudicium
1355 3914 1430 3995 fert,

286 4021 322 4083 in
343 4029 412 4086 toto
429 4042 527 4107 opere
541 4024 715 4110 praecipuo
733 4034 864 4091 auctore
878 4048 972 4090 usum
988 4025 1084 4090 esse?
1106 4025 1210 4090 Immo
1225 4025 1308 4089 illud
1322 4027 1431 4112 ipsum

286 4129 445 4194 iudicium
478 4154 543 4196 non
569 4154 590 4196 a
612 4133 724 4200 Curtio
752 4135 934 4223 profectum
961 4136 1019 4201 sed
1048 4159 1090 4201 ex
1116 4137 1209 4202 fonte
1235 4138 1430 4221 nescioquo

286 4261 435 4305 manasse
463 4241 484 4304 l.
508 4265 535 4307 c.
563 4243 786 4311 demonstravi
819 4255 851 4310 et
879 4269 916 4311 eo
944 4246 1077 4332 quidem
1108 4246 1213 4312 tribus
1241 4247 1430 4312 auctoribus

287 4352 427 4417 Arriano
443 4354 557 4460 Curtio
573 4356 747 4423 Plutarcho
763 4358 934 4422 communi.
972 4358 1016 4422 Et
1031 4359 1101 4444 quis
1119 4367 1168 4422 est
1183 4362 1238 4447 qui
1253 4371 1345 4450 putet
1359 4358 1432 4422 lieri
