3160 5100
840 354 881 416 22
926 392 965 398 -

290 525 389 604 ἄνδρε
411 524 625 604 ξυνέγραψαν.
663 523 760 588 Unde
781 523 819 586 fit
841 531 1105 608 consentaneum,
1127 524 1305 587 Arrianum
1327 525 1440 609 utqui

289 634 391 719 priori
406 634 441 697 in
456 633 526 698 loco
541 636 639 699 etiam
654 633 881 699 Alexandrum
902 654 1012 718 regem
1028 635 1135 719 ipsum
1149 633 1199 697 his
1216 634 1437 716 coniunxerit,

290 745 451 830 respicere
474 742 517 806 ad
542 753 666 808 certum
694 743 858 830 quoddam
881 742 1064 808 Alexandri
1092 742 1135 806 de
1156 742 1255 808 India
1277 743 1439 830 ludisque

289 853 519 918 testimonium.
563 851 663 934 Quod
694 853 793 918 facile
821 855 893 940 quir
923 854 1063 918 coniciet
1096 862 1259 939 sumptam
1292 875 1363 918 esse
1390 875 1433 918 ex

291 963 428 1050 epistula
461 963 572 1050 aliqua
603 985 687 1049 quae
718 963 838 1028 multae
870 963 932 1028 sub
963 962 1147 1028 Alexandri
1183 964 1315 1029 nomine
1351 964 1435 1028 fcre-

289 1075 409 1140 bantur
436 1074 681 1157 (Westermann
708 1074 750 1138 de
777 1075 871 1159 epist.
900 1097 950 1159 gr.
979 1074 1146 1160 scriptorr.
1170 1073 1190 1137 2
1210 1095 1265 1159 pg.
1291 1075 1435 1159 5-11).

292 1185 339 1248 At
360 1184 529 1250 commode
556 1184 765 1249 recordamur
786 1183 956 1249 Strabonis
986 1183 1050 1249 loci
1077 1182 1165 1248 illius
1193 1205 1257 1270 quo
1285 1182 1328 1246 de
1350 1205 1435 1248 com-

292 1295 461 1358 mentariis
483 1293 712 1381 geographicis
726 1293 910 1358 Alexandri
925 1296 1015 1358 iussu
1030 1294 1224 1380 conscriptis
1240 1292 1359 1379 quibus
1374 1293 1435 1358 Pa-

291 1402 410 1470 trocles
446 1425 525 1468 usus
562 1412 612 1468 est
641 1405 802 1491 exposuit.
854 1403 982 1470 Horum
1011 1403 1172 1469 Arrianus
1202 1426 1275 1467 cum
1305 1404 1436 1469 omnino

291 1514 442 1578 notitiam
464 1535 530 1578 non
551 1513 718 1597 habuerit,
746 1513 783 1577 id
811 1514 898 1601 quod
926 1536 968 1580 ex
995 1515 1065 1578 eius
1092 1512 1221 1580 silentio
1243 1515 1324 1579 satis
1347 1524 1435 1579 certo

290 1633 572 1710 argumentamur,
599 1645 732 1690 necesse
762 1635 811 1690 est
833 1634 1032 1706 statuamus,
1063 1625 1253 1689 memoriam
1281 1623 1373 1689 illam
1393 1623 1434 1688 ab

291 1735 433 1800 Arriano
455 1733 569 1798 deberi
593 1734 799 1817 Aristobulo,
823 1734 865 1799 ab
887 1734 1078 1800 Aristobulo
1099 1743 1209 1802 autem
1229 1734 1383 1800 Patrocli.

376 1844 443 1910 Sed
471 1845 537 1908 iam
565 1843 663 1910 redeo
690 1844 733 1909 ad
761 1843 960 1910 recensenda
987 1844 1112 1933 reliqua
1138 1843 1322 1910 Aristobuli
1349 1846 1435 1931 frag-

291 1964 401 2020 menta
417 1964 574 2042 quotquot
587 1955 675 2043 apud
689 1955 771 2020 alios
786 1964 916 2042 praeter
925 1955 1100 2021 Arrianum
1119 1956 1294 2042 scriptores
1309 1965 1433 2028 extant,

292 2064 440 2147 Quorum
461 2067 659 2151 paucissima
680 2075 808 2130 tantum
829 2075 1004 2152 supersunt
1026 2087 1109 2152 quae
1131 2065 1173 2130 de
1194 2065 1291 2132 rebus
1307 2089 1386 2131 vere
1400 2076 1436 2132 ut

292 2175 385 2240 aiunt
406 2174 571 2241 historicis
593 2184 711 2261 agunt,
734 2175 825 2242 velut
846 2175 1041 2241 Chiuelleri
1060 2176 1101 2240 fr.
1124 2178 1153 2240 1.
1177 2177 1219 2240 1³.
1246 2177 1289 2240 1¹³.
1331 2177 1384 2242 De
1406 2177 1435 2240 le

292 2273 362 2350 'vid.
385 2307 484 2371 supra
505 2284 566 2350 No.
589 2285 642 2350 21.
665 2322 706 2334 -
729 2285 858 2350 Deinde
879 2285 920 2350 fr.
942 2287 979 2350 2:

242 2419 275 2467 53
335 2394 422 2460 Plut.
445 2393 543 2461 Alex.
569 2395 607 2460 16
613 2444 622 2477 ,
646 2397 664 2460 l
669 2445 675 2458 .
712 2397 868 2472 Λέγονται
901 2399 937 2463 δὲ
968 2398 1060 2465 πεζοὶ
1092 2397 1150 2475 μὲν
1183 2398 1338 2476 διεμύριοι
1371 2403 1436 2464 τῶν

496 2507 683 2590 βαρβάρων,
710 2507 819 2572 ἱππεῖ(
848 2510 884 2572 δὲ
912 2508 1057 2587 διιχίλιοι
1085 2507 1285 2574 πεντακόειοι
1316 2511 1435 2573 πεεεῑν.
1555 2557 1556 2580 .

495 2622 562 2683 τῶν
595 2618 631 2682 δὲ
663 2619 737 2696 περὶ
763 2617 823 2682 τὸν
848 2617 1060 2696 Ἀλέξανδρον
1088 2617 1328 2700 ’sonatsonat
1363 2637 1437 2698 qno

495 2728 646 2806 τέεεαραε
667 2727 718 2790 καὶ
739 2726 909 2806 τριάκοντα
935 2729 1070 2806 νεκροὺς
1091 2729 1237 2804 γενέεθαι
1257 2727 1335 2792 τοὺς
1356 2726 1435 2793 πάν·
1555 2741 1556 2772 ἒ

496 2857 568 2919 rut,
599 2836 646 2902 ὧν
673 2836 770 2904 ἐννέα
796 2837 914 2903 πεζοὺς
937 2836 1029 2907 εἶναι.
1071 2836 1166 2917 Quae
1193 2858 1267 2901 cum
1293 2858 1438 2922 pugnare

496 2946 672 3010 videantur
704 2967 775 3010 curn
805 2948 945 3011 Arriano
976 2948 1009 3030 1,
1041 2949 1096 3030 ll,
1127 2948 1145 3011 t
1175 2947 1374 3014 Μακεδόνων
1402 2949 1438 3014 δὲ
1555 2937 1556 2944 ¹

496 3060 564 3123 τῶν
586 3059 644 3137 μὲν
665 3058 800 3136 ἑταίρων
823 3058 904 3139 ἀμφί
926 3060 1003 3125 τοὺς
1029 3058 1128 3125 εἴκοςι
1149 3060 1201 3123 καὶ
1221 3058 1319 3124 πέντε
1340 3057 1376 3123 ἐν
1397 3063 1436 3141 τῇ

497 3168 610 3253 πρώτῃ
632 3172 796 3252 προεβολῇ
818 3167 1001 3250 ἀπέθανον,
1025 3167 1172 3233 RGeier
1186 3167 1437 3254 discrepantiam

496 3285 585 3341 recte
599 3277 647 3341 ita
662 3277 851 3364 explicavit,
866 3288 904 3343 ut
918 3276 1102 3343 Aristobuli
1116 3277 1222 3342 locum
1233 3299 1254 3342 a
1264 3277 1438 3342 Plutarcho

498 3385 634 3450 citatum
660 3387 703 3450 ad
732 3408 785 3451 eos
806 3396 934 3453 tantum
956 3398 1103 3474 spectare
1126 3389 1293 3470 statuerit,
1316 3389 1438 3474 quiex

499 3494 658 3581 singulari
694 3496 877 3561 Alexandri
909 3498 1071 3563 sodalium
1104 3499 1270 3582 (ἑταίρων)
1309 3500 1439 3584 agmine

498 3606 681 3693 periissent.
697 3608 846 3694 Namque
857 3610 887 3672 si
898 3609 1031 3673 Arriani
1043 3607 1108 3673 illis
1121 3608 1263 3694 quinque
1275 3617 1308 3673 et
1319 3609 1440 3694 viginti

498 3718 635 3781 mortuis
658 3739 776 3782 noveru
797 3718 982 3784 Aristobuli
1004 3720 1121 3787 πεζούς
1149 3717 1270 3800 addas,
1301 3717 1439 3783 eundem
1554 3737 1555 3748 ¹

499 3827 542 3891 ab
563 3837 700 3915 utroque
722 3832 880 3915 scriptore
902 3851 1072 3894 numerum
1093 3828 1250 3893 traditum
1279 3828 1437 3893 invenies.

500 3936 654 4002 Ceterum
680 3961 811 4022 moneo,
840 3940 966 4004 Iustino
990 3941 1061 4022 (11,
1084 3940 1119 4024 6)
1148 3961 1221 4003 cum
1247 3937 1439 4006 Aristobulo

502 4049 678 4113 convenire
706 4050 746 4114 de
769 4050 917 4136 peditum
938 4049 1183 4113 interfectorum
1204 4071 1350 4116 numero.
1387 4049 1439 4112 De

500 4180 564 4245 qua
586 4159 754 4225 amborum
777 4161 972 4246 scriptorum
995 4160 1226 4225 concordantia¹
1248 4160 1335 4224 infra
1352 4161 1437 4224 dice·

506 4280 569 4334 tur.
606 4293 661 4356 pg.
684 4270 741 4343 50,
765 4256 894 4358 paragr.
918 4271 938 4334 9
960 4271 1031 4334 init.

300 4376 352 4439 De
373 4376 565 4462 fragmentis
587 4382 608 4444 4
631 4379 729 4464 (Plut.
754 4380 849 4444 Alex.
877 4381 930 4462 18,
953 4381 983 4444 2.
1007 4379 1079 4444 coll.
1118 4381 1248 4445 Arriam
1271 4380 1307 4464 2,
1331 4382 1368 4463 3,
1392 4382 1437 4462 l),
