3160 5100
682 381 889 444 „57-

213 551 362 616 Aristum
377 549 606 636 philosophum
621 549 844 615 academicum
860 551 963 633 cuius,
980 551 1201 634 utCiceronis,
1219 551 1357 618 Athenis

213 660 370 746 magister
392 660 500 725 luerat
521 660 703 726 Antiochus
727 659 929 726 Ascalonita.
966 661 1129 726 Nimirum
1153 663 1203 726 hio
1225 663 1358 726 Aristus

213 770 407 838 Ascalonita
438 780 523 851 erat,
558 770 706 836 Aristum
733 771 923 836 historicum
952 769 1118 836 Salamine
1146 771 1249 859 Cypri
1277 773 1358 837 urbe

213 881 386 948 oriundum
402 903 475 946 esse
490 871 609 946 Strabo
624 880 645 943 l.
661 903 689 946 c.
707 889 855 946 testatur.
892 883 994 947 Porro
1009 882 1097 948 idem
1113 882 1232 948 Strabo
1246 903 1358 946 rursus

213 991 319 1058 Aristi
347 991 544 1056 mentionem
572 991 652 1057 lecit
677 991 731 1074 15,
756 992 818 1057 730
840 1001 925 1056 extr.
954 993 1011 1058 ubi
1034 991 1217 1058 Aristobuli
1245 992 1359 1058 Onesi·

213 1102 351 1188 critique
381 1101 422 1166 de
450 1101 530 1188 Cyri
558 1101 706 1188 sepulcro
736 1092 941 1167 narrationes
967 1101 1112 1168 referens
1142 1102 1235 1169 addit
1261 1102 1356 1168 haec:

213 1214 405 1293 ”Aottroco³
421 1213 440 1278 ὁ
456 1212 762 1306 (αλαμίνιοειτολὺ
784 1215 853 1294 μέν
875 1214 954 1278 ἐετι
976 1202 1369 1303 νεώτεροττούτων,’

214 1325 300 1401 λέγει
322 1326 358 1389 δὲ
374 1323 517 1402 δίττεγον
533 1325 592 1390 τὸν
607 1324 734 1404 πύργον
748 1325 800 1388 καὶ
814 1324 915 1404 μέγαν
930 1332 1006 1389 cett.
1044 1323 1141 1406 Quod
1157 1344 1235 1388 sane
1251 1323 1358 1386 minus

213 1442 288 1519 apte
317 1432 440 1497 dictum
467 1440 570 1517 esset,
599 1435 626 1497 si
655 1434 788 1498 Aristus
818 1434 922 1520 primo
949 1444 1024 1499 ante
1052 1433 1219 1499 Christum
1247 1442 1359 1498 natum

216 1542 345 1608 saeculo
362 1542 605 1609 adscribendus
629 1554 723 1610 esset.

298 1652 358 1718 Ille
379 1653 481 1738 igitur
501 1653 633 1720 Aristus
655 1653 742 1720 unde
763 1655 914 1721 notitiam
923 1656 978 1736 ‚de
1000 1655 1220 1720 Romanorum
1242 1653 1359 1738 legatis

213 1764 255 1827 ad
278 1763 504 1830 Alexandrum
527 1765 636 1830 missis
669 1765 815 1830 hauserit
841 1765 1050 1852 perspicuum
1072 1764 1110 1830 fit
1132 1787 1174 1830 ex
1197 1764 1261 1831 alio
1287 1763 1359 1829 loco

162 1901 196 1949 85
257 1872 340 1938 Plin.
363 1875 419 1938 nh.
442 1877 479 1957 3,
501 1876 543 1940 57
567 1875 594 1940 C
614 1875 746 1942 Mueller
769 1874 928 1941 Clitarchi
956 1875 997 1940 fr.
1021 1875 1062 1939 23
1091 1899 1146 1962 pg.
1169 1877 1211 1940 83
1238 1874 1359 1940 ‘Theo-

416 1986 569 2072 phrastus
585 1987 641 2072 qui
658 1987 781 2073 primus
798 1994 1007 2050 externorum
1023 1984 1132 2072 aliqua
1147 1987 1187 2050 de
1202 1985 1359 2052 Romanis

416 2094 604 2180 diligentius
629 2096 775 2182 scripsit3
808 2119 883 2160 nam
905 2095 1136 2184 Theopompus
1164 2105 1359 2181 antequem

416 2229 510 2273 nemo
534 2207 732 2272 mentionem
748 2206 876 2286 habuit,
899 2209 1015 2273 urbem
1031 2208 1202 2272 dumtaxat
1217 2229 1237 2270 a
1252 2204 1359 2272 Gallis

416 2325 546 2405 captam
568 2316 662 2384 dixit.
700 2316 884 2382 Clitarchus
908 2318 1011 2384 abeo
1035 2319 1203 2405 proximus
1226 2315 1359 2401 legatio·

415 2449 489 2492 nem
512 2435 640 2492 tantum
658 2426 701 2493 ad
717 2426 941 2493 Alexandrum
965 2429 1115 2510 missam,
1138 2427 1191 2492 hic
1205 2427 1270 2492 iam
1285 2425 1359 2512 plns

416 2558 513 2623 quam
537 2559 580 2601 ex
601 2538 713 2603 fama!

212 2647 328 2735 Itaque
350 2649 392 2712 de
414 2648 563 2713 Romana
590 2647 647 2712 illa
668 2647 833 2732 legatione
855 2649 957 2715 multo
979 2658 1055 2713 ante
1077 2648 1226 2714 Aristum
1247 2647 1360 2712 retulit

214 2756 397 2823 Clitarchus
425 2756 604 2854 Onesicriti
631 2759 880 2846 Aristobuliquo
907 2761 976 2824 fere
1009 2758 1167 2844 aequalis.
1211 2758 1263 2822 De
1293 2779 1357 2843 quo

212 2868 371 2934 Clitarehi
386 2867 571 2952 fragmento
587 2869 648 2954 (23.
658 2891 712 2956 pg.
729 2869 785 2955 83)
802 2870 829 2935 C
845 2869 982 2935 Mueller
997 2868 1233 2934 ‘Clitarchum’
1250 2867 1357 2953 inquit

212 2978 635 3065 ‘sequunturDiodor.1‘l,
662 2980 739 3060 113,
762 2980 782 3043 9
804 2980 917 3063 [immo
933 2979 965 3067 2]
990 2979 1122 3046 Curtius
1139 2980 1175 3060 7,
1198 2979 1240 3042 95
1255 2977 1357 3042 Mem-

212 3112 279 3154 non
301 3089 334 3153 in
350 3088 426 3154 hist.
443 3087 646 3154 Heracleae'.
683 3089 749 3154 Ubi
772 3090 835 3155 viri
859 3091 982 3174 egregii
1005 3088 1110 3154 levem
1126 3111 1268 3152 errorem
1284 3110 1354 3152 cor-

212 3199 328 3284 rigam.
365 3199 497 3264 Etenim
521 3198 663 3285 primum
679 3199 786 3265 Curtii
808 3199 914 3265 locum
936 3201 1061 3265 frustra
1075 3198 1225 3286 quaesivi
1242 3196 1358 3283 (Mucl-

211 3309 270 3373 leri
293 3311 379 3374 enim
402 3309 528 3374 numeri
552 3310 587 3391 7,
611 3310 652 3374 95
681 3290 793 3394 aperte
821 3320 898 3376 sunt
918 3309 1009 3395 falsi)
1039 3331 1219 3396 vereorque
1247 3319 1284 3374 ut
1306 3308 1359 3372 hic

211 3419 261 3484 his
293 3420 335 3484 de
363 3417 583 3504 legationibus
616 3419 748 3486 omnino
776 3419 903 3486 locutus
931 3421 982 3486 sit.
1032 3419 1207 3486 Memnonis
1241 3417 1359 3483 deinde

211 3530 409 3595 mentionem
442 3537 530 3594 recte
564 3529 686 3594 factam
719 3553 791 3595 esso
825 3530 1015 3597 dubitanter
1047 3539 1176 3596 tantum
1205 3527 1357 3594 concedo.

210 3639 393 3704 Memnonis
417 3640 503 3704 enirn
526 3638 568 3722 (C
583 3638 723 3704 Mueller
743 3639 786 3704 fr.
809 3640 884 3707 hist.
901 3663 949 3726 gr.
966 3642 1056 3726 3pg.
1071 3641 1150 3722 538,
1173 3639 1293 3703 Mcmn.
1317 3639 1358 3704 fr.

210 3750 266 3833 25,
289 3750 325 3835 3)
354 3773 374 3814 a
396 3749 515 3813 Photio
545 3750 625 3815 haec
653 3751 755 3815 verba
778 3751 980 3816 referuntur:
1013 3750 1103 3816 duur(
1132 3752 1168 3816 δὲ
1196 3749 1359 3828 ἐπὶ“τὴν

211 3860 337 3927 Ἀτίαν
365 3861 564 3944 Ἀλεξάνδρῳ
593 3862 844 3943 διαβαίνοντι
875 3864 926 3927 καὶ
953 3862 1130 3944 γράψαντι,
1165 3863 1184 3939 ἢ
1220 3864 1357 3941 κρατεῖν,

210 3972 268 4036 ἐὰν
302 3970 620 4055 doxon-orituram,
652 3973 672 4051 ἢ
705 3968 772 4038 roi(
806 3974 978 4051 κρείττοτιν
1009 3971 1162 4050 ὑπείκειν,
1195 3971 1358 4052 ετέφανον

210 4087 349 4161 χρυτοῡν
372 4081 437 4148 ἀπὸ
456 4083 576 4150 ἱκανῶν
592 4081 761 4148 ταλάντων
785 4083 935 4162 Ῥωμαῖοι
950 4083 1141 4162 ἐξέπεμψαν.
1179 4080 1272 4161 Quae
1289 4079 1358 4143 sivo

210 4191 395 4256 Memnonis
419 4192 489 4257 sive
511 4191 620 4257 Photii
643 4192 746 4257 verba
768 4191 967 4276 legationem
993 4189 1085 4257 illam
1109 4214 1175 4256 non
1198 4210 1271 4254 cum
1294 4187 1357 4254 Cli-

125 4289 130 4300 ’
210 4300 323 4366 tarcho
350 4301 464 4396 Aristo
487 4301 681 4388 Asclepiade
711 4310 785 4389 post
811 4301 994 4367 Alexandri
1024 4323 1065 4366 ex
1094 4300 1190 4366 India
1217 4298 1358 4368 reditum

211 4408 269 4475 sed
292 4433 330 4476 co
353 4420 500 4499 tempore
522 4412 645 4479 factam
661 4435 732 4479 csso
755 4421 917 4494 statuunt,
942 4434 1006 4497 quo
1029 4411 1169 4497 primum
1191 4410 1227 4474 in
1242 4409 1357 4476 Asiam
