3160 5100
636 377 848 442 ,.49ᾔ

198 535 200 542 ’
242 551 277 616 δέ
305 569 351 615 τιε
378 549 478 615 ἄλλοτ
513 548 626 615 ὅντινα
652 548 718 613 ἱκα-

241 661 302 726 νὸν
332 659 373 725 ἄν
393 657 450 726 ’τιε
472 661 640 738 ποιήεαιτο
668 680 717 723 τε-

241 775 414 851 κμηριῶεαι
442 770 523 850 ὑπὲρ
556 777 622 836 τῶν
652 792 716 836 τοι-

241 885 334 947 ῶνδε.
487 955 489 959 ,

188 991 224 1073 7,
247 991 285 1072 2,
310 992 326 1053 1
351 1027 392 1038 -
415 991 540 1068 λέγεται

240 1102 277 1184 3,
299 1100 321 1163 2
344 1101 376 1167 οἱ
393 1103 497 1167 δὲκαὶ
516 1138 549 1147 -
569 1100 716 1176 λέγουειν

243 1211 300 1293 14,
323 1211 345 1274 4
371 1210 456 1274 med.
483 1248 518 1260 -
543 1213 575 1275 οἱ
603 1212 639 1276 δέ
668 1211 717 1275 ὅτι

241 1321 336 1388 οἴνου
352 1310 514 1401 περιεῖδεν
525 1321 718 1402 έμληεθέντα

245 1437 377 1511 θεωρῶν
400 1431 506 1497 αὐτόε.

246 1541 286 1605 14
293 1590 302 1625 ,
326 1542 345 1605 7
369 1541 525 1617 ἐναγίζειν
547 1561 581 1606 τε
603 1540 653 1606 ὅτι
669 1541 719 1605 ἀεὶ

242 1653 287 1718 ωε
317 1653 399 1732 ἥρωί·
431 1652 576 1717 ἐκέλευεν
605 1651 717 1732 Ἡφαι-

242 1763 347 1828 ετίωνι
362 1766 459 1828 τοῦτο
481 1763 538 1842 μέν
554 1763 637 1842 πρὸ(
651 1767 717 1827 τῶν

240 1873 400 1939 πλείετων
422 1872 669 1952 ἀναγέγραπται.

248 1984 288 2047 14
294 2032 304 2066 ,
328 1985 348 2047 8
365 1985 471 2049 ἐκεῖνα
487 1985 523 2048 δέ
538 1985 621 2064 πρὸ(
636 1983 715 2048 πάν-

139 2141 142 2146 -
242 2116 307 2160 των
320 2094 619 2177 ξυμφωνούμενα..
629 2141 652 2156 ..
666 2094 718 2157 καὶ

241 2207 348 2286 πυρὰν
372 2209 515 2271 ιιελεθεαι
531 2204 619 2288 αὐτῷ
635 2203 716 2267 ἑτοι-

244 2316 392 2395 μάζετθαι
412 2316 447 2381 ἐν
463 2318 631 2396 Βαβυλῶνι
651 2313 716 2378 ἀπὸ

241 2426 409 2492 ταλάντων
439 2425 578 2506 μυρίων,
611 2424 648 2488 οἱ
678 2425 719 2488 δὲ

243 2537 295 2601 καὶ
323 2535 486 2602 πλειόνων
516 2535 716 2614 ἀνέγραψαν.

244 2645 352 2731 Igitur
378 2667 444 2709 non
472 2646 558 2710 inter
587 2664 719 2710 omnes

241 2766 390 2823 auctores
398 2753 719 2820 convenitdedeeem

243 2866 376 2930 milibus
409 2869 605 2930 talentomm
638 2886 719 2948 rogo

244 2975 426 3040 extruendo
436 2977 603 3063 impensiS.
619 2972 721 3038 Velut

243 3087 361 3151 lustin.
379 3086 430 3167 12,
455 3086 506 3168 12,
532 3087 569 3149 11
593 3090 718 3148 ‘tumu-

245 3197 376 3283 lumque
399 3197 429 3259 ei
452 3195 625 3260 duodecim
646 3194 718 3258 mil·

243 3308 323 3372 lium
359 3305 518 3371 talentum
552 3305 649 3370 fecit'
687 3315 719 3370 et

243 3419 344 3484 Diod.
369 3419 419 3500 17,
445 3417 516 3500 115,
539 3419 560 3481 5
582 3419 658 3499 φατὶ
680 3419 717 3484 τὸ

243 3533 367 3609 πλῆθοε
392 3535 459 3595 τῶν
482 3528 717 3594 ἀναλωθέντων

244 3641 415 3722 χρημάτων
433 3639 602 3716 γεγονέναι
617 3640 717 3703 πλείω

814 992 869 1072 14,
893 990 924 1052 2.
984 1033 987 1039 -

811 1099 869 1182 69,
892 1101 923 1164 3.

813 1210 870 1292 72,
893 1210 914 1272 2
936 1210 1021 1274 med.

813 1542 854 1605 72
862 1590 871 1623 ,
895 1541 915 1604 2
930 1540 1016 1605 med.
1029 1543 1181 1626 quamvis
1196 1541 1269 1608 leve
1280 1543 1329 1606 in·
1364 1617 1365 1622 γ

853 1649 999 1716 tercedat
1020 1651 1212 1716 discrimen:
1236 1657 1328 1734 τιμᾶν

853 1762 1068 1844 Ἡφαιετίωνα
1091 1757 1142 1828 ’καὶ
1171 1764 1260 1830 θύειν
1284 1763 1330 1828 ὼε

851 1873 941 1953 ἥρωϊ.

812 1982 869 2065 72,
892 1983 914 2046 3
929 2021 969 2029 -
986 1983 1054 2050 ἀπό
1069 1985 1189 2064 μυρίων
1211 1985 1328 2050 ταλάν-

853 2114 919 2159 των
941 2094 1116 2159 ἐπιτελέεαι
1140 2094 1328 2174 διανοούμε-

854 2225 912 2269 νοε
934 2212 1011 2267 cett.

244 3755 309 3816 τῶν
332 3751 454 3833 μυρίων
472 3750 536 3814 ’καὶ
557 3749 730 3828 διεχιλίωνΔ
837 3811 839 3818 .

243 3858 421 3927 ταλάντων.

244 3968 302 4049 24,
324 3972 346 4034 4
367 3971 433 4036 ἀπὸ
461 3973 498 4036 δὲ
524 3974 583 4036 τοῦ
612 3970 717 4035 πότου

245 4080 346 4145 αὐτὸν
373 4084 430 4160 μέν
464 4081 717 4147 ἀπαλλάττεεθαι

245 4192 367 4256 ἐθέλειν
400 4191 452 4256 ἐπὶ
480 4198 609 4258 κοιτῶνι
642 4191 717 4256 εἰεὶν

245 4303 278 4367 οἳ
299 4301 498 4380 ἀνέγραψαν.

211 4531 239 4573 Δ,
255 4534 371 4594 senonis,
386 4531 507 4573 Analecta.

811 4299 867 4382 75,
890 4300 911 4362 2
933 4300 1017 4363 med.
