3160 5100
683 364 890 428 ..58-

218 547 443 618 transgressus
474 543 568 598 esset.
606 535 787 600 Diodorum
815 543 923 599 autem
953 555 1027 598 cum
1050 530 1216 597 Clitarcho
1239 531 1366 618 conspi-

218 670 291 712 rare
313 647 347 712 in
369 644 532 730 legatione
554 645 701 710 Romana
723 644 831 708 nescio
861 643 947 708 unde
970 640 1149 708 Ohlueller
1179 642 1365 728 sumpserit,
1551 623 1552 715 l

219 779 323 844 neque
347 756 495 820 Doerner
517 777 621 842 neque
645 754 787 820 Sintenis
810 754 853 819 ad
868 755 943 818 Arr.
968 755 1002 834 7,
1029 753 1067 817 15
1089 753 1109 816 4
1131 761 1220 816 reete
1241 750 1305 816 hac
1327 755 1365 816 de

219 889 254 931 re
287 865 451 930 indicasse
480 865 559 930 mibi
587 865 750 931 videntur.
800 865 950 950 Namque
981 862 1147 930 Diodorus
1175 861 1196 927 l.
1227 885 1254 927 ο.
1285 860 1366 926 haee

219 977 334 1042 habet:

165 1095 198 1143 86
257 1084 358 1152 Diod.
385 1087 422 1151 17
432 1135 441 1169 ,
468 1087 542 1167 113,
565 1087 586 1150 2
608 1087 724 1153 πολλοὶ
747 1089 798 1153 καὶ
812 1093 878 1152 τῶν
893 1086 928 1152 ἐκ
942 1089 998 1164 τῆ(
1013 1086 1167 1165 Εὐρώπη(
1182 1087 1233 1150 καὶ
1247 1086 1363 1165 Λιβύη(

389 1283 393 1290 .
420 1198 634 1279 κατήνιηεαν,
663 1197 698 1263 ἐκ
724 1199 781 1275 μὲν
811 1197 926 1278 Λιβύη(
957 1195 1164 1277 Καρχηδόνιοι
1192 1196 1243 1259 καὶ
1269 1195 1360 1276 Λιβυ-

421 1307 563 1389 φοίνικε(
585 1309 636 1371 καὶ
658 1307 777 1372 πάνιε(
792 1308 895 1391 οἱητὴν
911 1307 1072 1386 παράλιον
1088 1306 1253 1371 οἰκούντε(
1268 1305 1359 1384 μέχρι

390 1410 392 1415 ’
420 1424 486 1483 τῶν
508 1416 703 1510 Ἡρακλείων
726 1420 850 1495 (τηλιῑιν
873 1415 1000 1482 scilicet
1021 1415 1055 1479 in
1078 1437 1135 1480 ora
1156 1414 1301 1495 Africae,
1325 1416 1360 1480 ἐκ

420 1529 456 1592 δὲ
478 1532 532 1606 τῆ(
554 1527 708 1606 Εὐρώπη(
730 1527 763 1591 αἵ
784 1548 819 1592 τε
841 1533 907 1593 τῶν
922 1527 1083 1606 Ἑλλήνων
1098 1526 1208 1590 πόλει(
1230 1526 1360 1614 ἐξέπεμ-

418 1658 486 1717 ψαν
513 1639 564 1702 καλ
587 1637 788 1722 Μακεδόνὲε,
818 1637 864 1702 ἔτι
891 1638 923 1701 δ’
945 1637 1091 1716 Ἰλλυριοὶ
1118 1638 1169 1701 καὶ
1197 1639 1264 1701 τῶν
1286 1637 1360 1714 περὶ

417 1748 476 1812 τὸν
503 1747 631 1827 Ἀδρίαν
659 1747 837 1814 οἰκούντων
866 1747 897 1812 οἱ
927 1748 1073 1829 πλείου(,
1106 1746 1145 1811 τά
1172 1765 1207 1810 τε
1236 1745 1358 1827 Θρᾴκια

417 1858 494 1937 γένη
517 1858 569 1924 καὶ
590 1864 654 1922 τύιν
677 1859 907 1937 πλη(ιοχιύριιιν
925 1859 1090 1933 Γαλατῶν,
1113 1856 1159 1921 ὧν
1181 1856 1253 1920 τότε
1269 1860 1359 1934 πρῶ-

418 1987 476 2032 τον
498 1969 536 2033 τὸ
559 1967 654 2044 γένο(
677 1967 819 2046 {rudeto
841 1968 930 2046 παρὰ
951 1971 1021 2032 τοῑ(
1042 1967 1196 2045 ”Ελλη(ιν.

214 2075 289 2141 Νοιι
304 2097 459 2160 assequor
474 2097 537 2161 quo
552 2075 621 2140 iure
637 2077 717 2141 haec
731 2075 888 2141 Clitarchi
903 2075 991 2140 illam
1004 2076 1224 2140 narrationem
1237 2074 1359 2139 referre

219 2185 284 2250 dici
305 2185 443 2270 possint.

300 2295 365 2360 Sed
387 2295 451 2360 iam
480 2295 522 2360 ad
544 2295 693 2360 Aristum
716 2293 917 2360 redeundum
944 2304 1004 2360 est.
1042 2295 1149 2375 Quem
1172 2295 1198 2360 C
1218 2293 1360 2420 1λξιολλοι

216 2405 280 2469 alio
308 2405 414 2470 Aristi
433 2405 628 2490 fragmento
657 2405 692 2491 (4
720 2428 774 2492 pg.
800 2405 861 2471 154
887 2405 1008 2471 Athen.
1034 2406 1087 2486 10,
1115 2405 1238 2489 43611)
1268 2427 1359 2486 usus,

215 2525 303 2581 recte
325 2525 362 2581 ut
384 2514 500 2601 opinor
522 2515 660 2581 coniecit
680 2515 789 2602 paullo
811 2515 1029 2601 antiquiorem
1050 2516 1152 2581 fuisse
1173 2513 1357 2594 Polemone,

216 2624 448 2711 Aristophanis
464 2625 617 2709 Byzantii
632 2624 761 2712 aequali
776 2627 863 2692 circa
877 2648 998 2690 annum
1012 2626 1076 2690 200
1090 2625 1236 2690 florente.
1273 2624 1361 2710 Apte

215 2735 318 2820 igitur
333 2734 573 2822 suspicabimur
582 2723 733 2800 Aristum
747 2736 968 2802 narrationem
982 2735 1071 2800 illam
1082 2735 1123 2800 de
1139 2735 1361 2800 Romanorum

216 2844 332 2929 legatis
353 2867 395 2909 ex
410 2843 574 2912 Clitarcho
589 2844 748 2911 hausisse.
785 2847 832 2911 At
846 2867 929 2931 quae
944 2844 1104 2910 Arrianus
1115 2829 1297 2930 'praeterea
1318 2867 1361 2909 ex

216 2954 321 3019 Aristi
342 2954 624 3040 Asclepiadaeque
652 2956 804 3042 operibus
827 2955 946 3042 promit
968 2954 1007 3020 dc
1030 2955 1213 3020 rationibus
1241 2953 1359 3040 quibus

216 3065 332 3131 duetus
347 3065 539 3131 Alexander
553 3065 718 3131 Romanos
740 3066 875 3132 comiter
890 3065 1066 3151 exceperit,
1090 3087 1129 3130 ea
1150 3086 1215 3129 non
1238 3062 1360 3128 cadunt

217 3175 281 3240 nisi
303 3176 337 3240 in
360 3177 554 3262 scriptorem
575 3176 731 3242 Romanis
753 3176 851 3243 rebus
875 3185 988 3262 aperte
1009 3175 1175 3240 faventem
1203 3197 1241 3240 ao
1263 3195 1359 3260 prop-

218 3295 309 3351 terea
331 3307 372 3350 ex
393 3287 508 3352 Aristo
532 3288 590 3352 vix
613 3308 651 3352 ac
673 3308 713 3351 ne
735 3289 793 3351 vix
808 3285 939 3371 quidem
955 3293 1092 3371 possunt
1107 3284 1255 3370 profecta
1276 3306 1358 3348 esse.

217 3395 424 3481 Relinquitur
445 3406 481 3461 ut
497 3417 539 3460 ex
553 3395 771 3483 Asclepiadae
792 3395 877 3461 libro
894 3419 933 3460 ea
948 3394 1106 3480 originem
1122 3394 1241 3460 ducere
1257 3393 1359 3480 suspi-

218 3527 346 3586 cemur,
373 3506 429 3592 qui
458 3514 544 3570 certe
566 3503 649 3570 nibil
676 3505 784 3571 obstat
806 3507 979 3593 quominus
1000 3505 1157 3570 Romanis
1179 3526 1360 3592 propensus

217 3615 319 3680 fuisse
348 3625 521 3682 statuatur.
548 3616 655 3681 'Inter
685 3615 803 3682 multos
833 3617 979 3682 eiusdem
1009 3614 1150 3681 nominis
1184 3616 1361 3700 scriptores

217 3724 431 3811 Asclepiades
440 3726 482 3791 ab
489 3725 630 3790 Arriano
638 3727 926 3813 memoratus,quis
940 3725 1209 3808 fuissevideatur,
1221 3723 1361 3790 hocloco

217 3856 375 3922 quaerere
398 3835 595 3921 supersedeo
617 3859 656 3902 ae
670 3836 750 3901 satis
772 3836 877 3902 babeo
900 3839 1048 3922 repetere
1070 3858 1142 3900 eam
1165 3835 1362 3901 sententiam

218 3967 315 4031 quam
337 3956 370 4011 et
391 3945 547 4031 probasse
567 3946 648 4011 mihi
669 3947 783 4013 videor
805 3946 838 4011 et
859 3947 1032 4033 probatum
1054 3947 1094 4011 iri
1118 3968 1212 4032 spero
1234 3946 1361 4010 haeres

218 4053 428 4138 callentibus,
459 4055 636 4121 Arrianum
663 4056 696 4122 in
723 4077 820 4143 opere
848 4079 907 4122 suo
936 4055 1171 4122 conscribendo
1199 4057 1226 4121 si
1254 4055 1360 4120 minus
1442 4088 1450 4102 ·

217 4165 350 4230 unicum
372 4173 406 4230 at
428 4175 516 4230 certe
537 4151 749 4252 praecipuum
771 4176 936 4233 auctorem
959 4165 1149 4232 adhibuisse
1169 4165 1362 4252 scriptorem

217 4297 313 4362 quem
336 4296 401 4338 non
429 4286 502 4344 ante
525 4274 663 4342 alterum
686 4298 714 4341 a.
739 4275 816 4342 Chr.
845 4275 1013 4343 saeculum
1038 4277 1163 4342 vixisse
1192 4285 1361 4341 auctorum
1457 4269 1463 4282 '

218 4384 369 4468 catalogo
393 4408 493 4471 supra
515 4408 653 4453 excusso
677 4385 907 4452 demonstravi.
