3160 5100
745 337 987 400 ..5..·

472 506 579 568 iussus
604 513 652 568 est
675 504 841 590 captivum
857 505 1055 590 proditorem
1080 508 1222 593 capistro
1245 507 1415 594 alligatum

471 613 645 679 adducere.
677 612 775 693 Quod
798 615 947 699 perfecit.
977 594 1108 679 Deinde
1130 617 1252 682 Bessus
1274 617 1414 703 flagellis

466 745 585 788 caesus
602 725 722 788 Bactra
743 724 786 787 ad
808 723 959 788 luendam
983 748 1121 812 poenam
1143 726 1318 814 capitalem
1341 729 1412 792 mit-

471 835 567 898 titur:
601 836 657 899 Καὶ
678 839 779 899 ταῦτα
800 837 1004 916 Πτολεμαῖος
1032 839 1113 916 ὑπὲρ
1137 840 1256 916 Βήεεου
1279 839 1413 918 ἀνέγρα-

470 966 544 1024 ψεν.
576 944 822 1026 Ἀπιετόβουλοε
840 947 889 1022 δέ,
912 947 989 1011 robe
1005 945 1086 1026 ἀμφὶ
1102 947 1300 1028 (Σπιταμένην
1314 969 1348 1012 τε
1364 950 1414 1013 καὶ

470 1055 689 1135 Δαταφέρνην
711 1057 903 1138 Πτολεμαίῳ
932 1055 1063 1132 ἀγαγεῖν
1087 1061 1206 1135 Βῆεεον
1234 1060 1285 1123 καὶ
1313 1079 1413 1137 παρα-

473 1169 585 1230 δοῦνοιι
608 1165 805 1248 Ἀλεξάνδρῳ
827 1166 950 1244 γυμνὸν
973 1167 1008 1232 ἐν
1032 1169 1131 1250 κλοιῷ
1148 1168 1311 1246 δήεανταε.

268 1276 335 1341 Cur
357 1276 417 1340 hae
439 1275 473 1338 in
495 1296 530 1337 rc
544 1272 757 1338 Aristobulus
780 1296 800 1336 a
816 1274 994 1338 Ptolemaei
1013 1277 1208 1340 auctoritate
1224 1276 1412 1360 desciverit,

266 1387 302 1449 id
324 1409 365 1449 ne
380 1386 567 1450 coniectura
582 1383 713 1470 quidem
728 1386 941 1470 assequimur.
979 1387 1032 1448 An
1048 1395 1137 1450 reete
1152 1387 1186 1449 in
1202 1386 1252 1450 his
1269 1389 1413 1452 studium

267 1495 431 1582 quoddam
454 1493 616 1559 liberandi
639 1493 865 1558 Alexandrum
887 1517 906 1557 a
929 1494 1133 1560 crudelitatis
1156 1497 1292 1560 crimine
1315 1521 1413 1582 agno-

266 1607 355 1670 visse
378 1606 456 1670 mihi
480 1602 618 1668 videor?
641 1604 687 1668 At
709 1626 787 1667 vero
809 1626 904 1668 nemo
921 1604 1101 1687 dubitabit,
1126 1608 1285 1692 potiorem
1304 1608 1364 1672 hac
1379 1610 1414 1672 in

266 1739 301 1780 re
324 1716 421 1780 fidem
444 1707 630 1779 Ptolemaeo
652 1724 688 1779 ut
710 1714 838 1779 oculato
861 1715 937 1778 tosti
967 1718 1046 1800 quin
1075 1715 1253 1780 concedere
1282 1717 1410 1784 debeat.

217 1831 248 1878 13
309 1830 384 1894 Arr.
407 1829 443 1909 4,
467 1828 502 1905 3,
525 1825 556 1890 5.
586 1823 670 1888 Ptol.
694 1824 734 1888 l'r.
760 1823 1110 1907 123A1·ist0b.f1·.‘2o.
1141 1828 1207 1905 Τὴν
1223 1831 1259 1893 δὲ
1275 1830 1412 1910 ἑβδόμην

470 1936 566 2000 πόλιν
596 1935 627 2002 ἐξ
657 1935 781 2016 ἐφόδου
811 1936 922 2019 έλαβε,
950 1938 1153 2015 Πτολεμαῖοι
1176 1939 1233 2016 μὲν
1257 1941 1412 2016 λέγειὸτι

374 2095 383 2100 -
469 2047 587 2111 αὐτοὺ(
610 2050 691 2126 εφᾶε
715 2045 876 2110 ἐνδόνταε.
914 2047 1154 2127 Ἀριετόβουλο(
1176 2050 1212 2112 δὲ
1227 2048 1277 2114 ὅτι
1293 2051 1344 2134 βίᾳ
1359 2054 1411 2115 καὶ

470 2157 588 2235 ταύτην
616 2157 715 2222 ἐξεῖλε
744 2157 795 2220 καῖ
823 2155 872 2220 ότι
902 2157 1025 2221 πάντα(
1053 2159 1130 2221 τοὺ(
1152 2161 1413 2239 καταληφθέντα(

468 2268 504 2332 έν
527 2266 606 2350 αὐτῇ
629 2267 808 2330 ἀπέκτεινε·
837 2266 1039 2344 Πτολεμαῖοι
1062 2269 1098 2330 δὲ
1121 2272 1303 2347 κατανεῖμαι
1326 2270 1411 2346 λέγει

469 2377 568 2441 αὐτόν
596 2377 673 2441 τοὺ(
701 2375 894 2453 ἀνθρώπουε
922 2383 959 2458 τῇ
989 2382 1117 2460 ετρατιᾷ
1147 2379 1197 2441 καὶ
1220 2381 1410 2457 δεδεμένουε

468 2489 610 2552 κελεῦεαι
632 2485 841 2566 φυλάεεεεθαι
865 2493 941 2548 cett.

265 2599 305 2663 In
328 2597 389 2662 hoe
412 2597 608 2683 scriptorum
632 2595 783 2659 dissensu
797 2596 832 2658 in
855 2605 960 2659 utram
984 2604 1108 2682 partem
1132 2595 1322 2688 inclinemus
1346 2622 1411 2664 non

265 2707 499 2775 dubitabimus.
537 2704 715 2770 Ptolemaei
743 2705 829 2774 onim
858 2706 1001 2769 narratio
1030 2713 1062 2768 et
1092 2706 1286 2792 explicatior
1308 2717 1340 2772 ot
1363 2712 1409 2774 rei

264 2819 368 2902 magis
391 2819 589 2882 conveniens
613 2817 735 2880 maiore
757 2814 822 2879 fide
845 2816 945 2900 digna
969 2824 1027 2880 est.

215 2947 247 2994 14
307 2930 382 2992 Arr.
405 2929 442 3011 4,
468 2927 523 3010 14,
547 2928 578 2991 3.
614 2926 696 2992 Ptol.
720 2926 760 2988 fr.
787 2926 841 3008 143
869 2925 1016 2991 Aristob.
1039 2927 1080 2989 sr.
1103 2927 1155 2990 26.
1200 2927 1409 3012 Καλλιεθένην

468 3041 504 3103 δὲ
526 3039 767 3118 Ἀριετόβουλοε
789 3040 847 3115 μἐν
866 3037 950 3112 λέγει
965 3037 1138 3117 δεδεμένον
1154 3038 1189 3102 έν
1205 3044 1316 3109 πέδαι(
1337 3052 1408 3125 ξυμ-

356 3138 359 3148 ’
466 3149 668 3227 περιάγεεθαι
699 3154 737 3231 τῇ
771 3153 914 3231 ττρατιᾷ,
950 3148 1060 3212 ἔπειτα
1095 3148 1180 3232 νόεῳ
1216 3151 1410 3232 τελευτῆεαι,

466 3260 667 3338 Πτολεμαῖοι
696 3260 732 3322 δὲ
760 3259 778 3322 δ
807 3259 915 3334 Λάγου
946 3259 1184 3339 ετρεβλωθέντα
1211 3261 1263 3323 καὶ
1295 3281 1408 3339 κρεμα-

467 3369 580 3434 εθέντα
595 3368 786 3434 ἀποθανεῖν·
810 3368 915 3434 οὕτω(
934 3368 1012 3434 οὐδὲ
1028 3369 1060 3435 οἱ
1082 3369 1167 3435 πάνυ
1183 3372 1287 3434 astrol
1302 3369 1334 3434 έε
1350 3372 1408 3449 τὴν

467 3478 625 3560 ἀφήγηειν
654 3480 705 3543 καὶ
733 3480 959 3559 ξυγγενόμενοι
988 3480 1023 3545 ἐν
1045 3487 1091 3563 τῷ
1113 3478 1187 3544 τότε
1209 3478 1408 3564 Ἀλεξάνδρῳ

467 3591 549 3668 ὑπὲρ
571 3593 638 3654 τῶν
661 3590 832 3670 γνωρίμων
847 3611 882 3654 τε
898 3591 948 3653 καὶ
964 3589 1002 3653 od
1026 3586 1195 3654 λαθόντων
1219 3593 1300 3670 εφόιε
1317 3589 1407 3654 όπωε

466 3701 641 3779 διεπράχθη
665 3700 822 3779 ξύμφωνα
844 3699 1042 3778 ἀνέγραψαν.

264 3809 447 3874 Aristobuli
468 3809 611 3874 narratio
634 3807 711 3872 lieet
733 3807 934 3894 aliquantum
957 3809 1000 3873 sit
1021 3807 1273 3890 memorabilior,
1298 3819 1407 3873 tamen

263 3920 494 4007 simpliciorem
506 3918 683 3983 Ptolemaei
698 3919 917 3983 narrationem
933 3918 1030 3982 simul
1045 3920 1115 3983 veri
1131 3941 1202 3982 csse
1218 3916 1406 3983 similiorem

263 4031 372 4116 quivis
395 4030 488 4095 videt

214 4155 244 4204 15
305 4140 380 4205 Arr.
396 4141 427 4221 5,
445 4140 496 4223 14,
512 4141 615 4226 3sqq.
638 4138 723 4203 Ptol.
740 4140 781 4202 fr.
796 4139 851 4223 163
867 4139 1014 4204 Aristob.
1031 4140 1072 4201 fr.
1088 4138 1139 4201 27.
1163 4138 1406 4220 Ἀριετόβουλοε

466 4252 502 4315 δὲ
524 4251 608 4327 λέγει
637 4251 696 4317 τὸν
718 4249 841 4329 Πώρου
863 4253 962 4314 παῖδα
984 4250 1102 4331 φθὰεαι
1128 4249 1327 4331 ἀφικόμενον
1349 4250 1406 4316 ξὺν

465 4360 599 4441 ἅρμαειν
632 4361 678 4426 ωε
709 4362 863 4442 ἑξήκοντα
895 4368 971 4426 cett.
1015 4357 1148 4424 Scilicet
1179 4357 1405 4425 Alexandrum
