3160 5100
652 363 858 427 -53-

113 533 203 613 817,
231 531 289 614 22,
318 533 338 596 3
366 530 519 597 diadema
545 533 579 595 in
608 554 725 619 aquam
778 556 849 620 cap.
875 534 952 615 116,
974 534 994 598 6
1019 571 1056 580 -
1079 533 1125 599 εἷε
1137 539 1204 601 τῶν
1219 537 1340 615 ἐρετῶν

229 641 348 706 cecidit
373 680 407 688 -
435 645 486 708 καὶ
513 643 562 708 δ’τι
590 649 657 709 τῶν
679 664 726 708 τι(

230 758 357 819 ναυτῶν
373 753 586 834 ἐκνηξάμενος
608 753 654 818 ὡ(
672 755 725 819 ἐπὶ

228 863 266 927 τό
289 864 425 942 διάδημα
449 901 487 910 -

112 975 146 1024 82
166 973 202 1054 7,
230 971 289 1053 26,
312 974 332 1037 3
355 973 394 1038 Οἱ
416 975 452 1039 δὲ
480 976 531 1039 καὶ
552 975 628 1040 τάδε
650 973 723 1040 ἀνέ-

230 1105 376 1164 γραψαν,
411 1085 535 1163 ἐρέεθαι
561 1087 619 1164 μὲν
647 1085 724 1150 τοὺε

228 1194 374 1274 ἑταίρου(
390 1177 490 1260 αὐτόν
513 1191 580 1279 ὅτῳ
597 1197 655 1274 τὴν
672 1200 723 1276 βα-

228 1305 346 1371 ειλείαν
379 1303 562 1388 ἀπολείπει,
595 1306 653 1370 τὸν
687 1307 723 1370 δέ

228 1415 457 1495 άποκρίναεδαι
489 1413 538 1479 ὅτι
572 1421 618 1498 τῷ
648 1435 721 1495 κρα-

225 1526 327 1610 τίετῳ.
352 1526 722 1610 οἱδέ,προεθεῑναιπρὸε

192 1674 196 1682 x
225 1635 331 1720 τούτῳ
353 1643 400 1720 τῷ
430 1637 519 1720 λόγῳ
547 1634 596 1700 ότι
621 1636 721 1716 μέγαν

224 1745 397 1826 ἐπιτάφιον
424 1745 537 1824 ἀγῶνα
570 1745 633 1830 ὁρᾷ
663 1745 721 1826 ἐφ’

224 1857 312 1940 αὑτῷ
335 1856 500 1936 ἐκόμενον.
621 1853 624 1860 '

841 645 1102 726 προκνηξάμενοε
1118 646 1169 710 καλ
1185 646 1338 727 βουλόμε-

841 775 899 820 voc
922 755 1077 836 άεφαλῶε
1101 759 1195 822 nitent
1216 757 1255 822 τὸ
1270 757 1337 823 διά-

840 871 924 946 δημα
947 902 985 911 -

842 975 901 1040 117
910 1023 919 1056 ,
942 974 963 1038 4
984 981 1051 1042 τῶν
1073 976 1110 1040 δέ
1132 976 1239 1056 φίλων
1262 977 1336 1043 ἐπε·

841 1085 1038 1169 ρωτώντων,
1071 1085 1131 1151 τίνι
1163 1087 1221 1166 τὴν
1251 1091 1335 1167 βατι-

839 1198 928 1262 λείαν
957 1196 1157 1274 ἀπολείπεις
1189 1195 1260 1262 είπε
1287 1203 1335 1302 τῷ

839 1306 1002 1390 κρατίετῳ.
1048 1307 1099 1371 καὶ
1134 1307 1334 1388 προεεφθέγ-

837 1421 931 1499 ξατο,
980 1416 1099 1496 ταύτην
1147 1419 1333 1485 τελευταίαν

836 1526 953 1606 φυινήν
968 1527 1159 1614 προέμεμοε,
1169 1526 1218 1591 ότι
1234 1529 1334 1608 μέγαν

836 1635 950 1711 ἀγῶνα
976 1636 1064 1722 αὐτῷ
1087 1637 1260 1719 ἐπιτάφιον
1281 1658 1333 1703 ευ-

835 1747 1000 1826 κτήεονται
1036 1748 1155 1814 πάντεε
1184 1747 1216 1813 οἱ
1244 1769 1332 1828 πρω-
1413 1784 1419 1797 ·

834 1856 983 1922 τεόοντεε
1005 1863 1070 1924 τῶν
1092 1858 1207 1940 φίλων.

160 1967 243 2030 Post*
260 1951 522 2030 haeo‘Arrianus
550 1967 661 2031 statim
689 1964 782 2030 addit
809 1985 953 2030 rumores
982 1964 1055 2030 illos
1077 1966 1119 2032 de
1141 1965 1332 2034 Alexandro

159 2077 201 2141 ab
224 2077 398 2163 Antipatro
421 2097 546 2140 veneno
568 2075 740 2140 interfecto
761 2096 833 2162 cap.
854 2076 911 2161 27,
936 2077 1033 2160 1-2;
1057 2076 1236 2165 eademque
1258 2101 1330 2144 nar·

158 2189 242 2252 ratio
257 2186 404 2253 Diodoro
426 2187 504 2252 item
520 2184 789 2252 antecedentibus
805 2185 1013 2270 subiungitur
1028 2210 1099 2274 cap.
1117 2189 1193 2270 117,
1209 2190 1230 2254 ό
1246 2199 1329 2255 extr.

158 2297 324 2385 usquead
349 2297 424 2380 118,
449 2299 478 2360 1.

105 2421 139 2469 83
159 2410 194 2490 7,
222 2409 280 2492 27,
306 2410 320 2472 1
345 2446 387 2456 --
409 2409 459 2474 καὶ
481 2408 651 2508 φάρμακον
667 2404 716 2472 ὅτι
768 2428 839 2495 cap.
866 2409 936 2490 117,
958 2408 1041 2473 5-
1068 2409 1328 2491 ἀποφαινόμενοι

222 2520 367 2602 ἐπέμφθη
397 2521 485 2599 παρὰ
507 2518 715 2597 Ἀντιπάτρου

221 2631 420 2715 Ἀλεξάνδρῳ
444 2631 495 2694 καὶ
510 2630 544 2694 ἐκ
558 2633 616 2694 τοῦ
632 2649 715 2708 φαρ-

221 2742 323 2822 μάκου
346 2741 395 2805 ότι
418 2740 567 2805 ἀπέθανε.
604 2739 715 2803 καὶτὸ

201 2851 391 2932 ’φάρμακον
423 2850 472 2916 ὅτι
500 2850 715 2930 Ἀρικτοτέληκ

219 2963 276 3042 μὲν
305 2961 500 3045 Ἀντιπάτρῳ
528 2961 636 3040 ἐξεῦρε
663 2965 714 3024 δε-

219 3071 713 3152 δοικὼεῆδηἈλέξανδρονΚαλ-

219 3183 383 3248 λικθένουε
398 3182 506 3258 ένεκα,
532 3180 713 3260 Κάκανδροε

217 3295 253 3358 δὲ
281 3292 531 3371 δἈντιπάτρου
560 3291 711 3372 ἐκόμιεεν.

217 3403 248 3467 οἱ
281 3404 317 3468 δὲ
350 3404 401 3468 καὶ
430 3400 478 3467 ότι
512 3403 547 3467 ἐν
574 3401 711 3482 ἡμιόνου

216 3514 301 3598 ὁπλῇ
324 3513 447 3592 ἐκόμιεε
462 3501 527 3577 καὶ
556 3515 653 3578 τοῦτο
674 3511 710 3576 ά·

216 3624 395 3705 νέγραψαν.
423 3623 551 3688 Δοῡναι
571 3624 607 3687 δὲ
630 3624 709 3688 αὐτὸ

216 3735 338 3800 Ἰόλλαν
375 3736 432 3800 τὸν
469 3733 615 3814 ἀδελφὸν
652 3737 709 3797 τοῦ

217 3845 402 3924 Καεάνδρου
436 3844 495 3909 τὸν
534 3843 707 3926 νεώτερον.

214 3955 370 4034 εἶναιγὰρ
383 3954 537 4034 οἰνοχόον
550 3955 709 4034 βααλικόν

214 4065 272 4130 τόν
287 4065 411 4131 Ἰόλλαν
434 4065 484 4130 καί
506 4086 534 4129 τι
550 4065 601 4130 καὶ
616 4067 707 4129 λελυ-

212 4179 328 4255 πῆεθαι
370 4174 453 4256 πρὸ(
496 4174 708 4254 Ἀλεξάνδρου

213 4285 313 4372 όλίγηι
342 4287 480 4368 πρότθεν
509 4289 565 4364 τῆ(
599 4291 707 4351 τελευ-

213 4401 275 4477 τῆς.

831 2520 883 2584 διά
932 2519 1103 2600 φαρμάκου
1152 2522 1326 2602 θαναείμου

831 2629 1000 2706 γεγονέναι
1022 2630 1081 2696 τόν
1103 2630 1246 2697 θάνατον

831 2739 907 2819 φατὶ
938 2741 1001 2819 γὰρ
1029 2730 1239 2822 Ἀντίπατρον
1274 2744 1327 2807 ἐπὶ

830 2849 1051 2931 τῆκΕὐρώπητ
1067 2853 1243 2931 ετρατηγδν
1267 2853 1325 2918 ὑπ’

829 2960 930 3025 αὐτοῦ
952 2961 1203 3042 καταλειφθέντα
1225 2968 1324 3031 διενε-

829 3075 941 3150 χθῆναι
956 3072 1039 3150 πρὸ(
1050 3071 1249 3152 Ὀλυμπιάδα
1265 3075 1323 3153 τήν

829 3182 947 3262 μητέρα
961 3187 1019 3247 τοῦ
1036 3182 1203 3262 βαειλέωε,
1219 3184 1322 3249 καὶτὸ

827 3294 885 3372 μέν
897 3299 1028 3371 πρῶτον
1040 3297 1258 3374 καταφρονεῖν
1266 3295 1322 3359 αὐ-

825 3406 882 3481 τῆε
897 3404 949 3468 διὰ
970 3404 1009 3468 τὸ
1032 3406 1072 3484 μὴ
1095 3404 1323 3484 προκδέχεεθαι

776 3561 780 3565 -
826 3513 884 3579 τὸν
892 3513 1103 3594 Ἀλέξανδρον
1114 3515 1172 3578 τά(
1182 3515 1249 3579 κατ’
1264 3517 1321 3581 αὐ-

771 3613 774 3618 ’
826 3629 884 3688 τοῦ
901 3624 1062 3706 διαβολάς,
1079 3623 1212 3702 ὕετερον
1227 3625 1256 3690 δ’
1271 3626 1322 3691 ἀεὶ

825 3737 881 3814 τῆ(
904 3734 1020 3814 έχθρατ
1043 3734 1221 3814 αὐξομένη(
1228 3783 1238 3817 ,
1260 3741 1320 3802 τοῦ

825 3845 1319 3926 βακιλέωεδιάτὸπρὸετόθεῑον

824 3954 950 4035 εὐεεβέε
982 3954 1089 4021 πάντα
1116 3957 1318 4037 βουλομένου

823 4071 860 4149 τῇ
877 4067 969 4146 μητρὶ
984 4065 1177 4149 χαρίζεεθαι,
1193 4068 1318 4132 πολλά(

823 4176 974 4257 ἐμφάεειε
1000 4177 1124 4242 διδόναι
1152 4180 1208 4256 τῆ(
1235 4180 1317 4256 πρὸ(
1354 4205 1357 4212 ⁴

823 4287 924 4353 αὐτὸν
945 4285 1204 4367 ἀλλοτριότητος.
1233 4289 1316 4367 πρὸ(

822 4399 859 4464 δὲ
873 4398 1001 4464 τούτοις
1015 4400 1071 4478 τῆ(
1085 4397 1315 4478 Παρμενίωνος
