3160 5100
746 315 1041 379 -12-·

224 493 255 540 31
318 489 393 552 Arr.
417 488 453 568 6,
480 488 534 566 10,
559 489 587 550 1.
625 485 709 550 Ptol.
734 486 774 550 fr.
803 486 855 560 20.
893 485 1065 549 Mallorum
1093 484 1173 548 urbs
1203 494 1420 572 expugnatur.

476 598 683 676 Ἀλέξανδρο(
706 598 742 661 δὲ
765 597 913 677 βάλλεται
935 596 1105 661 scindre(
1128 596 1179 660 διὰ
1195 601 1254 661 τοῦ
1274 598 1421 675 θώρακο(

477 709 511 773 ἐ(
532 708 570 772 τὸ
593 711 707 784 (τῆθοε
728 707 893 786 τοξεύματι
909 707 991 785 ὑπὲρ
1006 707 1064 770 τὸν
1081 706 1214 788 μαετόν,
1241 705 1320 771 ὥ(τε
1335 705 1421 781 λέγει

476 819 680 896 Πτολειιαῐο(
701 817 750 882 ὅτι
773 819 825 881 καὶ
851 821 976 896 πνεῦμα
1006 817 1089 895 ὁμοῦ
1110 823 1156 900 τῷ
1179 815 1284 894 αἵματι
1305 816 1340 880 έκ
1362 821 1421 881 τοῦ

473 928 656 1006 τραύματα(
679 927 848 1008 ἐξεπνεῖτο.

224 1053 256 1099 32
414 1039 450 1120 6,
477 1039 531 1118 ll,
556 1039 572 1102 'l
591 1045 674 1100 extr.
712 1034 797 1100 Ptol.
814 1035 853 1098 fr.
870 1037 922 1100 20.
952 1035 1005 1098 Dc
1022 1035 1136 1100 eodem
1151 1033 1285 1099 vulnere
1300 1036 1419 1120 agitur.

474 1149 676 1228 Πτολεμαῑο(
705 1149 741 1212 δὲ
763 1147 782 1210 ὁ
804 1148 913 1222 Λάγου
934 1147 1054 1226 ταύτην
1082 1147 1183 1225 μόνην
1210 1148 1268 1225 τὴν
1293 1149 1420 1226 πληγὴν

476 1259 634 1335 πληγῆναι
656 1257 740 1332 λέγει
762 1259 820 1336 τὴν
843 1257 876 1321 ἐ(
897 1257 935 1321 τὸ
958 1260 1080 1334 (τῆθοε.
1119 1254 1233 1319 Adicit
1259 1255 1420 1320 Arrianus

476 1389 548 1430 esse
586 1365 716 1451 quidem
756 1367 811 1451 qui
845 1364 1043 1430 contendant
1076 1365 1297 1429 Ptolemaeum
1335 1367 1419 1450 Lagi

476 1475 576 1540 filium
594 1475 654 1540 hoc
669 1477 702 1538 in
717 1473 861 1561 periculo
874 1474 1104 1562 Alexandrum
1114 1497 1263 1540 servasse
1278 1474 1420 1562 indeque

477 1587 600 1651 Soteris
622 1607 740 1650 nomon
761 1586 937 1672 accepisse.
977 1587 1082 1653 Καίτοι
1105 1587 1202 1652 αὐτὸ(
1217 1589 1419 1665 Πτολεμαῑο(

476 1698 701 1777 ἀναγέγραφεν
714 1696 791 1762 οὐδὲ
803 1697 1035 1775 παραγενέ(θαι
1051 1697 1156 1779 τούτῳ
1171 1703 1217 1780 τῷ
1231 1697 1317 1779 έργῳ
1335 1693 1417 1781 [scil.
1484 1720 1491 1728 ·

476 1805 648 1871 Mallorum
672 1806 918 1893 expugnationi]
930 1855 938 1888 ,
962 1798 1044 1872 ἀλλὰ
1071 1809 1215 1886 (τρατιᾶτ
1236 1806 1298 1886 γάρ
1320 1807 1419 1872 αὐτὸ(

475 1917 654 1995 ἡγούμενα(
681 1917 782 1982 άλλα(
808 1916 958 1997 μάχε(θαι
986 1917 1087 1997 μάχα(
1116 1917 1166 1980 καὶ
1193 1917 1275 1995 πρὸ(
1297 1917 1418 1983 ἄλλου(

479 2026 667 2106 βαρβάρου(

273 2135 343 2198 Iam
365 2134 442 2200 hinc
463 2134 540 2200 inde
561 2134 650 2221 apud
673 2136 849 2200 Arrianum
871 2136 995 2200 diserta
1009 2135 1186 2201 Ptolemaei
1208 2135 1330 2199 mentio
1353 2157 1418 2199 non

273 2245 320 2310 fit.
357 2243 456 2325 Quod
477 2267 542 2310 non
565 2246 699 2310 fortuito
721 2245 880 2309 accidisse
894 2245 1046 2309 arbitror.
1083 2245 1215 2309 Etenim
1231 2244 1417 2310 Aristobuli

271 2333 500 2420 auctoritatem
520 2355 563 2419 ab
578 2355 718 2420 Arriano
741 2357 775 2419 in
797 2354 880 2420 libro
904 2355 1040 2442 septimo
1057 2377 1133 2419 mox
1148 2355 1332 2420 videbimus
1348 2377 1414 2420 non

273 2465 378 2530 minus
401 2487 497 2550 quam
520 2466 663 2551 septiens
686 2463 805 2530 afferri.
843 2466 931 2546 Quin
954 2466 1051 2529 etiam
1074 2473 1148 2550 post
1169 2463 1318 2529 ultimam
1341 2466 1417 2530 Pto-

271 2573 387 2638 lemaei
419 2577 615 2639 mentionem
643 2575 696 2658 (6,
722 2577 776 2655 11,
801 2577 834 2657 7)
864 2574 1091 2639 Aristobulum
1120 2576 1252 2640 deciens
1281 2575 1415 2640 citatum

270 2685 459 2770 reperimur.
490 2685 573 2750 Nam
588 2685 771 2769 fragmenta
785 2706 885 2771 supra
898 2686 982 2749 6-9
995 2677 1139 2749 numeris
1155 2687 1284 2770 signata
1307 2707 1416 2772 quam-

273 2817 370 2880 quam
391 2795 434 2860 ad
449 2795 583 2860 Arriani
606 2793 706 2858 libros
729 2804 858 2860 sextum
881 2795 948 2878 (28,
970 2796 1005 2880 2)
1030 2804 1062 2860 et
1084 2796 1258 2882 septimum
1282 2796 1353 2879 (13,
1377 2797 1417 2878 33

275 2904 330 2987 15,
346 2906 383 2987 63
407 2905 464 2986 26,
480 2904 515 2988 3)
538 2905 717 2991 pertinent,
741 2913 911 2990 propterea
933 2904 1054 2969 nullius
1072 2904 1141 2968 fcre
1155 2906 1310 2970 momenti
1326 2914 1414 2987 sunt,

272 3013 359 3100 quod
381 3013 464 3079 nihil
485 3013 618 3079 tradunt
644 3015 708 3078 nisi
737 3025 836 3080 tacere
857 3014 1080 3080 Ptolemaeum
1104 3015 1151 3101 (et
1173 3013 1414 3100 Aristobulum)

272 3124 313 3187 de
334 3125 431 3189 rebus
454 3146 537 3210 quae
560 3147 602 3189 ex
623 3122 697 3188 aliis
719 3124 906 3190 auctoribus
921 3126 1117 3191 referuntur.
1155 3125 1249 3189 Idem
1271 3123 1360 3189 valet
1375 3108 1432 3188 de

272 3234 319 3298 eis
350 3235 543 3298 testimoniis
570 3257 654 3320 quae
676 3234 922 3322 paragraph02
950 3235 984 3298 in
1012 3257 1181 3300 censuram
1213 3235 1414 3300 vocavimus.

272 3341 405 3407 Scilicet
426 3364 500 3407 cum
521 3345 556 3408 in
576 3346 719 3430 quinque
741 3344 905 3430 prioribus
921 3346 1054 3409 Arriani
1076 3344 1169 3410 libris
1186 3352 1311 3430 septem
1326 3343 1416 3408 locos

273 3452 493 3529 invenerimus
520 3453 578 3518 ubi
600 3453 778 3519 Ptolemaei
807 3463 838 3519 et
860 3454 1044 3520 Aristobuli
1065 3456 1251 3520 testimonia
1273 3457 1358 3520 inter
1380 3476 1415 3518 se

273 3571 496 3649 opponuntur,
519 3562 601 3628 duos
623 3565 681 3628 ubi
702 3562 790 3628 idem
812 3565 883 3628 lieri
905 3566 1118 3646 coniecimus,
1141 3586 1245 3651 neque
1268 3566 1301 3629 in
1324 3572 1417 3628 sexto

273 3668 377 3757 neque
398 3675 434 3737 in
449 3675 586 3760 septimo
602 3673 685 3739 libro
701 3676 770 3740 eius
785 3673 874 3739 modi
889 3675 1147 3741 testimoniorum
1164 3674 1417 3762 discrepantiam

271 3783 431 3848 Arrianus
447 3785 720 3850 commemoravit.
759 3783 852 3864 Quae
868 3807 942 3850 cum
956 3787 1004 3850 ita
1025 3786 1112 3867 sint,
1137 3787 1208 3850 veri
1231 3786 1268 3848 fit
1290 3783 1416 3849 similli-

272 3915 376 3978 mum,
411 3893 646 3976 Ptolemaeum,
679 3896 744 3960 nisi
771 3895 855 3961 forte
887 3917 968 3981 opus
1004 3895 1073 3960 eius
1107 3895 1205 3960 desiit
1234 3915 1270 3958 eo
1306 3914 1416 3956 narra-

272 4004 370 4068 tionis
396 4003 484 4085 loco,
512 4003 570 4068 ubi
592 4003 781 4069 Alexander
802 4005 1006 4090 Pasargadas
1033 4014 1146 4092 utpote
1176 4005 1263 4069 intra
1290 4002 1416 4090 proprii

273 4115 323 4176 sui
345 4115 437 4199 regni
452 4114 576 4178 Persici
598 4113 678 4180 fines
700 4115 859 4197 redierat,
883 4124 970 4180 certe
992 4138 1075 4201 quae
1097 4114 1174 4180 inde
1195 4113 1238 4178 ab
1260 4113 1320 4178 hoc
1335 4122 1415 4176 tem-

272 4243 351 4309 pore
372 4223 562 4290 Alexander
583 4226 654 4290 sive
679 4227 783 4310 gessit
805 4227 881 4309 fsive
909 4246 1082 4312 perpessus
1112 4235 1176 4309 est,
1203 4225 1417 4290 adumbrasse

274 4333 380 4418 potius
403 4355 500 4419 quam
524 4334 751 4421 explicavisse.
