3160 5100
743 373 953 436 „gp-

276 543 418 624 γέγραφε
447 545 520 622 περὶ
546 544 706 609 Πανθείοε
728 543 906 624 Ξενοφῶν,
934 543 953 621 ἢ
982 543 1054 622 περὶ
1075 543 1260 621 Τιμοκλεία(
1282 543 1424 620 Ἀριετό-

277 657 411 736 βουλοε,
439 654 458 732 ἢ
487 654 592 735 Θήβη(
619 650 931 732 Θεόπομποε;·οολλ.
953 651 1040 716 Plut.
1068 651 1110 715 de
1137 650 1267 716 mulier.
1295 652 1371 714 virt.
1404 653 1421 714 1

276 785 332 849 pg.
354 763 418 828 320
432 762 568 846 Duebn3
591 761 677 827 Plut.
692 760 790 826 Alex.
810 761 864 844 123
888 759 1043 846 Polyaen.
1067 763 1102 842 8,
1126 761 1177 826 39.
1216 759 1269 825 Ibi
1291 780 1423 848 compa-

276 881 367 938 ratur
388 894 463 936 eum
485 871 718 959 Xenophonte,
749 880 780 936 et
809 872 838 936 si
860 871 894 936 in
916 879 1008 936 tanta
1030 879 1255 936 accuratorum
1277 872 1422 936 testimo-

275 983 402 1046 niorum
425 983 561 1069 penuria
587 981 637 1046 fas
667 992 717 1046 est
745 982 950 1048 coniecturae
972 980 1161 1066 indulgere,
1195 980 1423 1047 Aristobulum

276 1092 407 1157 omnino
430 1092 641 1180 Xenophonti
663 1091 821 1157 imitando
844 1091 898 1156 vel
919 1089 1112 1156 aemulando
1135 1111 1269 1178 operam
1290 1089 1423 1155 dedisse

276 1201 509 1266 contenderim.
553 1201 648 1282 Quae
681 1203 710 1266 si
737 1203 910 1283 sumimus,
943 1199 1150 1288 explicantur
1178 1202 1421 1288 superstitionis

275 1310 332 1374 illa
359 1310 523 1377 luculenta
551 1310 762 1395 documenta,
790 1311 964 1397 religiosae
993 1321 1106 1378 vatum
1128 1313 1422 1398 vaticiniorumque

276 1423 613 1505 commemorationes,
631 1420 815 1508 explicatur
828 1421 991 1509 peculiare
1007 1423 1114 1510 operis
1129 1420 1332 1488 Aristobulei
1347 1443 1421 1508 con·

277 1530 387 1598 silium
408 1541 441 1597 et
454 1541 572 1596 natura
586 1532 676 1598 velut
692 1531 778 1619 quod
793 1531 835 1596 ab
852 1553 888 1597 eo
904 1543 1050 1621 tempore
1071 1533 1202 1598 initium
1225 1533 1350 1618 cepisse
1373 1534 1421 1597 vi-

276 1642 392 1706 deatur
414 1664 478 1728 quo
502 1641 693 1707 Alexander
714 1642 749 1706 in
765 1645 879 1708 Asiam
901 1645 1079 1710 transierit.
1117 1644 1201 1710 Sane
1223 1665 1288 1707 non
1309 1643 1418 1707 minus

260 1775 373 1839 'quam
396 1752 624 1839 Xenophontis
654 1752 882 1818 celeberrimus
910 1753 951 1817 de
974 1753 1061 1839 Cyro
1083 1753 1168 1819 liber
1189 1762 1265 1840 apte
1286 1753 1419 1834 Ἀναβά-
1544 1754 1546 1762 ’

276 1885 355 1928 εεωτ
376 1863 529 1947 insigniri
550 1864 658 1949 potuit
679 1861 774 1928 titulo
781 1912 790 1947 ‚
814 1884 909 1949 quem
931 1885 966 1928 re
989 1885 1067 1928 vera
1080 1862 1308 1930 Aristobulum
1329 1865 1421 1950 operi

275 1994 333 2037 suo
355 1973 561 2060 inscripsisse
582 1994 788 2061 nequaquam
810 1974 1014 2040 contendam.

814 2161 887 2243 sc.

332 2277 480 2359 Reliqui
502 2277 669 2344 auctores
690 2277 778 2359 qnos
800 2275 979 2344 Arrianus
1000 2279 1213 2346 nominatim
1234 2277 1354 2344 affert.

360 2414 518 2478 Arrianus
541 2415 576 2479 in
597 2414 799 2501 praefatione
820 2416 840 2480 3
862 2414 942 2479 haec
964 2414 1078 2480 habet:
1103 2417 1166 2484 ἔετι
1186 2419 1222 2482 δὲ
1237 2417 1258 2480 ἃ
1272 2417 1323 2481 καὶ
1337 2417 1418 2495 πρὸ(

276 2524 385 2592 ἄλλων
408 2526 682 2610 ξυγγεγραμμένα,
710 2526 759 2592 ὅτι
786 2527 837 2591 καὶ
865 2526 946 2591 αὐτὰ
968 2525 1167 2609 ἀξιαφήγητά
1194 2528 1303 2606 τέμοι
1326 2527 1418 2592 ἔδοξε

275 2637 327 2700 καὶ
354 2634 393 2700 οὐ
416 2636 520 2716 πάντη
549 2635 679 2718 άπιετα,
709 2635 754 2699 ὼε
783 2636 941 2715 λεγόμενα
968 2638 1069 2716 μόνον
1097 2636 1178 2717 ὑπὲρ
1207 2635 1418 2715 Ἀλεξάνδρου

275 2744 455 2824 ἀνέγραψα.
507 2743 592 2810 Sunt
633 2767 713 2830 quos
749 2745 941 2810 nominatim
984 2747 1063 2811 citat
1105 2747 1139 2811 hi
1182 2744 1416 2811 Eratosthenes

235 2928 240 2936 ⁴
274 2854 443 2918 Nearchus
472 2853 700 2938 Megasthenes
729 2856 861 2920 Aristus
888 2853 1101 2943 Asclepiades
1130 2855 1320 2922 Alexander
1346 2856 1418 2943 ipse

275 2963 431 3029 videlicet
453 2964 612 3052 epistulae
634 2967 703 3030 eius
727 2974 759 3030 et
781 2964 887 3031 diaria
908 2967 1007 3050 regia.

360 3057 525 3140 Aristus
553 3097 625 3140 cum
654 3075 899 3162 Asclepiade
928 3079 1119 3143 coniunctus
1155 3075 1255 3142 semel
1293 3066 1448 3142 tantum
1551 3109 1552 3166 γ

276 3185 396 3250 citatur
1139 3189 1140 3194 ’

225 3306 258 3355 55
318 3296 394 3359 Arr.
432 3296 467 3379 t,
505 3295 561 3377 15,
597 3296 618 3361 ἴ)
660 3298 803 3376 ”epictec
845 3302 880 3364 δὲ
916 3301 966 3364 καὶ
1002 3299 1225 3379 Ἀεκληπιάδηε
1267 3302 1334 3364 τῶν
1378 3297 1417 3362 τά

477 3406 689 3487 Ἀλεξάνδρου
718 3408 979 3488 ἀναγραψάντων
1016 3411 1068 3474 καὶ
1097 3409 1273 3489 Ῥωμαίου(
1304 3411 1416 3486 λέγου-

479 3537 525 3584 τιν
549 3516 597 3582 ὅτι
620 3517 840 3598 ἐπρέεβευεαν.
878 3504 1089 3598 Quibuscum
1106 3518 1339 3584 conferendum
1368 3528 1418 3583 est

478 3626 649 3694 Strabonis
671 3626 953 3702 testimonium'15
960 3677 969 3712 ‚
994 3630 1056 3694 730
1078 3630 1134 3716 qui
1155 3639 1328 3722 postquam
1342 3629 1416 3693 Ari-

478 3737 643 3803 stobulum
655 3747 686 3802 et
698 3739 919 3804 Onesicritum
931 3740 1089 3805 excitavit
1099 3741 1207 3826 pergit
1217 3741 1263 3804 ita
1274 3742 1418 3820 Ἂρτετοε

479 3847 507 3912 δ’
537 3847 555 3912 ὁ
584 3849 772 3928 (αλαμὶνιοε
804 3851 889 3915 πολὺ
918 3851 974 3930 μέν
1004 3853 1066 3918 ἑετι
1093 3853 1252 3931 νεώτερα(
1281 3851 1415 3916 τούτων.

478 3956 708 4044 Asclepiadem
730 3979 808 4023 vero
833 3980 905 4023 eum
927 3959 1031 4024 fuisse
1053 3961 1217 4046 suspicor,
1240 3981 1337 4047 quem
1359 3958 1416 4041 (ef.

480 4066 585 4132 West.
602 4090 627 4132 s.
644 4090 676 4132 ν.
692 4067 904 4155 Asclepiades
920 4071 955 4134 in
969 4069 1074 4156 Pauly
1087 4070 1128 4134 R.
1144 4069 1186 4134 A.
1204 4071 1237 4134 1²
1251 4091 1306 4156 pg.
1321 4068 1416 4152 1843)

478 4176 606 4263 Myrlea
627 4177 804 4266 Bithynica
825 4178 1013 4261 oriundum,
1040 4180 1172 4244 Arriani
1194 4181 1296 4265 igitur
1316 4200 1417 4266 popu-

396 4335 400 4342 .
479 4287 580 4351 larem
602 4288 720 4371 fuisse,
743 4289 828 4354 inter
850 4287 914 4354 alia
936 4289 1033 4352 etiam
1055 4291 1224 4358 Britomarti
1246 4290 1417 4376 scripsisse

480 4406 608 4462 constat
632 4398 688 4483 (of.
710 4397 796 4464 infra
818 4420 946 4487 paragr.
972 4400 1012 4465 10
1034 4423 1088 4489 pg.
1111 4401 1178 4485 58.)
