3160 5100
751 319 960 382 „32-

282 505 364 576 quae
393 498 425 552 et
454 487 612 574 epistulae
641 497 673 551 et
700 487 826 552 itineris
858 487 1038 552 continuati
1062 487 1248 550 memoriam
1273 488 1432 570 continet,

281 622 322 662 ex
346 596 461 664 eodem
483 607 615 662 auctore
638 596 680 660 ab
702 598 842 662 Arriano
866 596 1003 682 petitam
1026 618 1107 661 esse.

366 706 436 770 Iam
459 729 536 772 vero
559 729 631 771 cum
655 727 696 770 ex
719 704 882 771 luculento
905 707 1038 770 Arriani
1062 707 1093 788 5,
1116 706 1174 788 20,
1198 707 1217 770 8
1240 707 1429 772 testimonio

282 827 483 905 compertum
505 815 698 898 habeamus,
722 815 943 880 Ptolemaeum
958 817 1102 881 omnium
1117 815 1307 882 Indicorum
1324 816 1428 881 flumi-

282 951 358 992 num
380 927 476 990 unius
500 926 651 990 Acesinis
674 926 930 1010 magnitudinem
953 925 1134 1008 indicasse,
1162 927 1221 990 vix
1251 934 1301 990 est
1324 926 1428 991 credi*

282 1037 364 1118 bile,
386 1034 609 1100 Ptolemaeum
625 1057 775 1099 narrasse
791 1057 828 1099 ea
843 1057 925 1121 quae
940 1035 1037 1102 modo
1052 1037 1316 1119 memoravimus,
1340 1035 1428 1101 ideo·

283 1169 345 1234 que
368 1169 433 1211 non
455 1144 615 1210 absonum
638 1146 717 1228 erit,
740 1146 782 1212 ab
804 1144 996 1211 Aristobulo
1019 1167 1057 1209 ea
1079 1153 1236 1232 repetere.

368 1257 502 1319 Praeter
512 1277 609 1319 unam
621 1253 793 1340 epistulam
806 1254 989 1320 Alexandri
999 1276 1096 1340 quam
1108 1256 1270 1340 integram
1283 1255 1427 1344 descrip-

284 1368 343 1449 sit,
367 1365 449 1429 alius
471 1374 595 1452 partem
618 1363 660 1428 ad
683 1366 819 1428 verbum
843 1366 1006 1452 expressit
1027 1365 1202 1430 Arrianus:

242 1463 264 1507 '²'
326 1477 401 1540 Arr.
426 1477 461 1558 7,
485 1475 543 1558 23,
567 1476 596 1538 6.
636 1476 692 1540 Καὶ
716 1477 900 1556 Κλεομένει,
928 1477 1021 1557 ἀνδρὶ
1048 1484 1134 1561 κακῷ
1156 1477 1207 1541 καὶ
1229 1477 1337 1543 πολλὰ
1360 1476 1429 1542 ἀδι-

487 1588 608 1666 κήματα
630 1584 810 1665 ἀδικήεαντι
833 1586 1032 1670 ἐνΑἰγύπτῳ
1055 1586 1227 1651 ἐπιετέλλει
1251 1586 1429 1666 ἐπισολήν.

488 1735 528 1744 —
551 1698 641 1774 ἔλεγε
669 1698 731 1776 γὰρ
760 1697 779 1774 ἡ
810 1696 956 1775 ἐπιετολή
979 1700 1265 1775 κοταεκευαεθῆναι
1287 1704 1364 1760 cett.
1386 1733 1430 1744 -

487 1808 594 1874 ἐκεῖνα
626 1809 662 1872 u
695 1808 746 1871 καὶ
772 1807 859 1872 πάνυ
887 1807 1057 1888 μέμφομαι.
1099 1807 1139 1884 ἢν
1167 1807 1229 1885 γὰρ
1257 1807 1429 1888 καταλάβω

488 1917 571 2002 ἐγὼ,
599 1917 690 1994 ἔλεγε
718 1917 757 1980 τὰ
780 1916 961 2000 γράμματα,
989 1918 1029 1981 τὰ
1056 1915 1126 1995 ἱερὰ
1152 1918 1192 1981 τὰ
1221 1917 1428 2001 ἐνΑἰγύπτῳ

487 2029 594 2092 καλῶ(
617 2027 884 2105 κατεεκευαεμένα
905 2028 955 2092 καὶ
970 2027 1009 2091 τὰ
1024 2027 1115 2112 ἡρῷα
1129 2028 1170 2091 τὰ
1184 2026 1428 2107 Ἡφαιετίωνοε,

487 2136 516 2201 εἴ
538 2156 572 2201 τε
586 2158 616 2200 τι
630 2137 791 2217 πρότερον
813 2137 1009 2216 ἡμάρτηκας,
1032 2134 1146 2216 dotem
1162 2157 1195 2200 (ε
1216 2135 1353 2218 τούτων,
1376 2137 1428 2201 καὶ

487 2247 524 2310 τὸ
548 2245 681 2329 λοιπόν,
704 2245 859 2325 ὁπηλίκον
882 2247 1039 2330 ἁμάρτῃς,
1062 2245 1160 2311 οὐδὲν
1183 2246 1272 2330 πείεῃ
1295 2247 1327 2311 ἐξ
1350 2246 1428 2325 ἐμοῦ

487 2354 589 2436 ἄχαρι.

286 2466 377 2531 Ηοοο
399 2448 426 2530 si
450 2488 522 2531 eum
545 2466 679 2530 Arriani
702 2464 856 2552 loquendi
877 2488 939 2530 usu
961 2465 1109 2548 confero,
1133 2464 1168 2530 id
1190 2486 1326 2550 arguere
1348 2463 1429 2528 mihi

285 2577 455 2661 videntur,
483 2577 660 2640 Arrianum
684 2575 767 2640 hanc
789 2597 918 2662 quoque
946 2576 987 2652 de
1013 2575 1133 2641 litteris
1154 2575 1198 2640 ad
1220 2575 1426 2641 Cleomenem

286 2687 371 2752 datis
393 2687 612 2750 narrationem
636 2708 676 2748 ex
705 2684 769 2751 alio
799 2686 956 2771 scriptore
985 2685 1234 2773 deprompsisse.
1271 2684 1426 2771 Alioquin

287 2795 399 2861 eadem
423 2795 489 2858 lere
511 2795 636 2860 ratione
661 2794 787 2861 locutus
816 2781 901 2860 esset
928 2818 1025 2882 quam
1053 2795 1204 2862 adhibuit
1226 2795 1262 2878 2,
1288 2795 1343 2878 14,
1366 2795 1388 2858 4
1408 2797 1426 2872 ἡ

286 2909 321 2972 δὲ
344 2907 491 2986 ἐπιετολή
515 2906 726 2987 Ἀλεξάνδρου
742 2907 805 2972 ὧδε
821 2907 895 2987 ἔχει.
935 2905 1092 2971 Similiter
1109 2904 1324 2993 epistularum
1339 2927 1426 2968 men-

286 3019 409 3082 tionem
433 3037 515 3103 quae
537 3015 574 3080 tit
598 3019 633 3096 1,
658 3016 714 3097 10,
736 3016 758 3079 4
781 3026 812 3079 et
834 3017 870 3096 2,
893 3015 952 3098 25,
975 3017 995 3080 3
1017 3037 1081 3079 non
1105 3038 1147 3080 ex
1173 3016 1255 3103 ipsis
1279 3013 1427 3101 epistulis

286 3126 433 3192 haustam
457 3147 528 3190 esse
550 3127 607 3190 sed
630 3127 659 3190 ei
682 3127 808 3192 auctori
830 3124 942 3190 deberi
964 3135 1060 3212 puto,
1084 3149 1126 3190 ex
1148 3149 1211 3213 quo
1233 3125 1284 3190 his
1300 3126 1333 3189 in
1349 3125 1428 3190 loeis

286 3237 489 3324 potissimum
514 3236 634 3324 pendet
648 3236 820 3301 Arrianus.
858 3234 925 3315 Qui
949 3237 1020 3323 quis
1044 3235 1144 3301 fuerit
1163 3258 1306 3322 numque
1327 3257 1429 3322 aeque

286 3355 384 3432 atque
407 3347 441 3409 in
464 3345 602 3431 epistula
617 3345 648 3428 6,
674 3349 702 3428 1,
718 3346 739 3410 4
754 3355 1004 3411 commemorata
1020 3346 1060 3409 de
1076 3345 1266 3411 Aristobulo
1284 3347 1430 3430 cogitare
1548 3359 1549 3363 ’

287 3455 383 3520 liceat
400 3452 631 3520 difficillimum
647 3464 696 3520 est
712 3456 867 3519 iudicatu.
906 3455 1001 3520 Hane
1016 3457 1140 3521 obrem
1156 3456 1428 3542 acquiescendum

286 3588 358 3631 esse
379 3565 463 3632 duco
487 3568 521 3630 in
545 3586 582 3632 eo
606 3564 692 3652 quod
716 3587 758 3629 ex
780 3564 830 3631 his
854 3566 934 3632 loeis
951 3567 1035 3630 inter
1051 3589 1086 3630 se
1101 3567 1297 3653 comparatis
1313 3567 1429 3656 proba·

285 3676 345 3743 bili
368 3679 552 3742 coniectura
572 3677 715 3742 assecuti
738 3700 866 3761 sumus,
895 3688 1025 3764 praeter
1048 3676 1268 3743 Onesicritum
1289 3677 1428 3742 alterum

286 3789 418 3852 Arriani
446 3797 611 3853 auctorem
635 3797 762 3871 extare,
792 3789 884 3852 cuius
913 3789 1064 3853 notitiam
1087 3789 1247 3854 Arrianus
1269 3810 1334 3853 non
1357 3789 1428 3874 ipse

286 3897 350 3963 sibi
371 3899 607 3986 comparaverit
623 3899 680 3962 sed
696 3898 738 3962 ab
753 3897 835 3979 alio,
859 3908 891 3961 et
914 3897 1014 3962 semel
1036 3897 1168 3984 quidem
1191 3889 1363 3965 manifesto
1385 3898 1427 3962 ab

286 4008 478 4076 Aristobulo
501 4016 667 4074 mutuatus
691 4010 744 4073 sit.
782 4009 879 4072 Certe
907 4007 1041 4095 quidem
1069 4010 1104 4075 in
1127 4009 1191 4074 alio
1214 4032 1280 4073 uno
1302 4009 1373 4074 loeo
1397 4010 1426 4090 7,

286 4119 344 4203 23,
368 4119 398 4184 6.
422 4119 483 4185 No.
507 4120 546 4184 61
570 4118 656 4184 haud
679 4118 820 4185 alienum
844 4129 893 4183 est
916 4118 956 4182 de
971 4118 1155 4184 Ptolemaeo
1178 4130 1331 4206 tanquam
1353 4139 1427 4182 auc·
1546 4125 1547 4168 ἒ

286 4237 356 4292 tore
378 4232 541 4316 cogitare,
565 4254 585 4296 a
607 4254 670 4320 quo
693 4239 820 4296 constet
840 4229 1045 4294 Cleomenem
1067 4229 1175 4312 illum,
1199 4232 1240 4294 de
1262 4252 1325 4315 quo
1348 4229 1426 4293 satis

287 4340 403 4406 acerbe
413 4341 535 4408 iudicat
547 4343 717 4426 Arrianus,
730 4351 843 4428 postea
858 4361 942 4402 anno
959 4338 1021 4403 322
1037 4337 1234 4428 intereptum
1249 4362 1331 4404 esse.
1362 4339 1427 4404 Sed
