3160 5100
623 342 833 406 „21-

153 510 296 576 Patrocli
333 513 381 576 uti
418 511 510 576 licuit
539 512 682 575 maxima
710 511 775 576 fide
805 499 917 597 dignis
952 513 1191 578 commentariis
1222 535 1302 600 quos

154 621 344 687 Alexander
366 624 541 705 ἀκριβώςας
563 621 802 708 componendos
831 632 1011 687 curaverat.
1051 622 1180 704 Quodsi
1204 645 1302 710 supra

153 732 315 814 vidimus,
340 730 566 798 Aristobulum
583 729 733 798 Patrocle
756 742 888 798 auctore
909 755 1004 798 usum
1029 755 1117 815 esse,
1140 733 1300 798 Arrianus

153 865 231 908 vero
246 865 407 929 nusquam
423 841 606 906 Patroclum
629 853 875 926 commemorat,
900 844 1060 930 suspicari
1075 841 1188 910 licebit
1204 865 1299 929 quas·

153 953 229 1018 dam
244 952 402 1018 Patroclis
425 951 581 1039 reliquias
605 976 646 1018 ex
662 951 848 1018 Aristobuli
870 975 966 1041 opere
982 955 1016 1019 in
1032 954 1165 1018 Arriani
1180 951 1301 1022 librum

152 1062 324 1128 translatas
348 1085 429 1128 esse.
468 1065 578 1150 Atque
601 1062 761 1128 eiusmodi
784 1065 999 1149 vestigiorum
1021 1073 1108 1129 certe
1130 1086 1230 1129 unum
1253 1064 1301 1128 in·

153 1175 284 1239 venisse
306 1174 388 1237 mihi
412 1174 535 1238 videor.

236 1285 395 1349 Arrianus
419 1285 505 1347 onim
528 1283 570 1348 de
592 1285 690 1349 India
713 1286 847 1372 eiusque
869 1285 984 1350 incolis
1001 1307 1168 1372 exponens
1185 1286 1298 1351 inanes

151 1416 254 1480 nugas
277 1394 399 1459 refutat
422 1416 503 1481 quas
525 1394 616 1459 hisce
638 1394 680 1458 de
702 1396 799 1460 rebus
821 1394 1048 1461 delectationis
1071 1397 1180 1482 potius
1202 1401 1299 1483 quam

153 1505 303 1570 veritatis
327 1527 442 1570 caussa
464 1505 618 1591 permulti
641 1507 834 1594 scriptores,
864 1514 896 1571 et
919 1527 956 1571 eo
980 1505 1112 1592 quidem
1136 1503 1298 1570 confiden-

152 1617 217 1680 tius
241 1614 486 1702 divulgassent,
511 1639 573 1702 quo
596 1617 699 1680 rarius
716 1615 951 1703 difficiliusque
965 1615 1129 1679 mendacii
1148 1617 1299 1682 convinci

152 1734 295 1814 possent.
333 1726 418 1790 'l'um
442 1727 549 1814 pergit
571 1728 634 1792 ita:

97 1849 131 1897 52
192 1838 268 1902 Arr.
291 1836 328 1919 5,
351 1838 388 1918 4,
411 1837 441 1900 4.
480 1839 576 1903 Ἀλλὰ
603 1838 832 1917 Ἀλλέξανδρος
860 1837 921 1916 γὰρ
951 1840 1003 1903 καί
1036 1838 1068 1902 οἱ
1101 1838 1159 1905 ξὺν
1191 1839 1298 1923 τούτῳ

353 1949 596 2027 ςτρατειίταντες
623 1951 663 2014 τὰ
690 1950 797 2015 πολλὰ
820 1949 1007 2028 ἐξήλεγξαν,
1037 1947 1096 2014 δ’ςα
1124 1952 1223 2028 γεμὴ
1248 1949 1298 2014 καὶ

352 2059 460 2125 αὐτῶν
483 2059 565 2123 ἐςτιν
582 2061 614 2124 οἳ
629 2059 818 2139 ἐψεύςαντο.
849 2057 1006 2138 ἀχριίςους
1022 2061 1057 2124 δὲ
1073 2057 1156 2124 εἶναι
1172 2059 1293 2126 Ἰνδοὺς

351 2169 536 2261 ἐξήλεγξαν,
559 2168 656 2235 ὅτους
677 2189 714 2246 γε
736 2169 775 2247 δὴ
799 2170 1007 2248 Ἀλέξανδρος
1029 2170 1086 2236 ξὺν
1108 2175 1146 2253 τῇ
1170 2175 1296 2254 ςτρατιᾷ

345 2279 484 2362 ἐπῆλθε,
513 2281 657 2345 πολλοὺς
679 2281 714 2344 δὲ
744 2279 862 2357 ἐπῆλθε
870 2329 878 2361 ,
906 2280 955 2344 καὶ
977 2279 1085 2358 ήκιςτα
1114 2283 1294 2358 χλιδῶντας

351 2391 429 2454 κατὰ
451 2391 508 2468 τήν
533 2390 671 2473 δίαιταν,
694 2389 779 2454 ἀλλὰ
801 2390 960 2468 μεγάλους
983 2391 1022 2453 τὰ
1040 2389 1179 2473 ςώματα,
1203 2390 1295 2456 οἵους

350 2502 514 2581 μεγίςτους
540 2506 606 2564 τῶν
635 2501 714 2564 κατὰ
742 2501 801 2578 τήν
830 2500 949 2583 'Acium
978 2501 1191 2579 πενταπήχεις
1218 2502 1295 2566 τοὺς

349 2610 493 2677 πολλοὺς
516 2611 535 2689 ἢ
558 2610 670 2686 ὀλίγον
686 2610 906 2692 ἀποδέοντας,
929 2611 979 2674 καὶ
993 2609 1210 2690 μελαντέρους
1225 2614 1292 2676 τῶν

349 2721 459 2786 ἄλλων
482 2720 666 2800 ἀνθρώπων
673 2770 682 2804 ,
711 2723 795 2799 πλήν
817 2719 995 2803 Αίθίοπαιν,
1023 2720 1135 2785 καὶτὰ
1157 2721 1294 2800 πολέμια

348 2831 433 2896 πολύ
448 2853 478 2896 τι
499 2830 748 2909 γενναιοτάτους
770 2835 837 2895 τῶν
859 2849 896 2907 γε
919 2832 957 2910 δὴ
980 2830 1053 2895 τότε
1075 2829 1215 2896 ἐποίκων
1237 2835 1293 2909 τῆς

327 2940 458 3007 Ἀτίας.
504 2994 510 3004 .

228 3051 403 3116 Refutasse
425 3051 527 3136 igitur
549 3049 622 3114 illas
651 3071 754 3135 nugas
784 3049 937 3115 dicuntur
958 3048 1148 3114 Alexander
1176 3060 1208 3115 et
1236 3053 1291 3137 qui

145 3185 216 3226 curu
240 3185 277 3227 eo
300 3160 534 3227 militaverunt.
572 3143 642 3226 Iam
665 3160 768 3247 possit
790 3159 910 3247 aliquis
926 3145 1087 3246 suspicari
1102 3159 1186 3224 nihil
1201 3159 1291 3226 aliud

144 3273 339 3358 significari,
363 3272 426 3336 nisi
450 3281 482 3336 et
504 3271 619 3336 ducem
644 3279 675 3334 et
698 3271 894 3352 exercitum,
924 3291 997 3333 eum
1020 3258 1085 3356 ipsi
1113 3272 1290 3335 remotissi-

143 3405 211 3447 mas
239 3382 354 3448 Indiae
382 3384 531 3467 regiones
560 3382 751 3446 visitassent
783 3389 857 3468 post
886 3379 1026 3446 reditum
1053 3381 1290 3446 accuratiorem

143 3516 252 3558 earum
273 3493 423 3557 notitiam
446 3491 650 3578 divulgasse,
674 3511 778 3577 neque
800 3491 977 3556 Arrianum
998 3491 1162 3578 respicere
1182 3492 1224 3554 ad
1241 3514 1289 3555 re-

141 3604 335 3669 t'utationem
364 3611 512 3689 apertam
540 3611 572 3667 et
599 3600 746 3667 consulto
778 3610 811 3666 et
839 3623 896 3688 per
923 3601 1049 3668 litteras
1072 3601 1204 3667 factam.
1244 3603 1290 3667 At

140 3737 232 3778 secus
268 3735 336 3778 rem
373 3735 408 3777 se
444 3711 563 3776 habere
601 3713 802 3777 demonstrat
838 3721 992 3778 constans
1030 3710 1099 3774 fere
1132 3709 1287 3800 loquendi

138 3847 217 3890 ursus
241 3824 373 3888 Arriani
395 3824 452 3910 qui
473 3822 658 3910 ubicunque
681 3822 761 3887 dicit
783 3823 813 3888 οἱ
836 3825 892 3890 ξὺν
915 3822 1114 3914 Ἀλεξάνδρῶ
1137 3824 1285 3904 ςτρατειί-

139 3956 260 4019 ςαντες,
283 3956 337 3999 eos
353 3933 497 4000 Graecos
522 3932 708 4018 significare
731 3931 828 4014 solet,
852 3933 908 4019 qui
931 3954 1005 3996 cum
1020 3930 1211 3998 Alexandro
1228 3934 1286 3998 mi-

138 4045 269 4110 litantes
280 4066 389 4108 rerum
400 4053 567 4129 gestarum
579 4044 766 4108 memoriam
780 4045 1052 4130 conscripserunt.
1078 4041 1177 4106 Velut
1190 4042 1287 4130 paulo

139 4154 226 4220 iufra
240 4155 277 4236 5,
293 4157 330 4234 5,
349 4155 364 4218 1
391 4157 485 4220 Ἀλλὰ
508 4155 588 4235 ὑπὲρ
612 4156 720 4220 Ἰνδῶν
743 4153 805 4220 ἰδία
825 4177 879 4234 μοι
893 4155 1089 4235 γεγράψεται
1106 4152 1165 4219 dtu
1179 4154 1286 4219 πιςτό-

44 4330 49 4336 .
138 4287 215 4346 τερα
238 4266 271 4331 ἐς
293 4265 451 4346 ἀφήγηςιν
480 4265 512 4328 οἵ
539 4287 572 4329 τε
601 4266 656 4333 ξὺν
685 4264 883 4349 Ἀλεξάνδρῳ
907 4264 1151 4343 ςτρατεύςαντες
1176 4265 1227 4328 καί
1250 4265 1284 4330 ὁ-

122 4376 299 4460 ,Νέαρχος,
329 4375 380 4440 ἐπὶ
402 4377 437 4439 δὲ
465 4373 524 4438 δ’τα
548 4376 751 4456 Μεγαςθένης
773 4396 807 4440 τε
834 4375 885 4442 καὶ
908 4373 1133 4454 Ἐρατοςθένης
1162 4373 1283 4455 δοκίμω
