3160 5100
638 356 824 419 ,6-

360 525 530 612 Hydaspis
558 525 701 590 fluminis
729 527 871 592 transitu
892 526 1066 612 probibere
1092 527 1215 613 potuit,
1243 526 1301 590 sed

359 629 620 722 praetergressus
644 658 794 702 securum
816 635 1006 702 Alexandro
1029 638 1204 702 transitum
1226 636 1299 702 reli-

361 746 441 833 quit.
474 747 495 811 5
510 746 607 813 Ἀλλὰ
618 748 821 828 Πτολεμαῖοι
836 749 855 813 ὁ
871 747 989 830 Λάγου,
1002 747 1068 830 ὅτῳ
1081 749 1132 813 καὶ
1147 749 1211 824 ἐγὼ
1227 755 1300 830 ξυμ-

360 859 516 938 φέρομαι,
545 855 651 922 ἄλλοι(
680 859 772 934 λέγει.
816 859 1035 939 ἐκπεμφθῆναι
1063 859 1120 936 μὲν
1147 859 1210 937 γὰρ
1240 859 1300 925 τὸν
1333 929 1342 950 .

361 970 460 1032 παῖδα
486 967 550 1032 ὑπὸ
578 973 637 1033 τοῦ
659 968 780 1047 Πώρου
808 968 892 1044 λέγει
919 971 970 1033 καὶ
997 968 1112 1050 οὑτοι,
1141 969 1212 1034 ἀλλ’
1240 969 1301 1048 οὐχ

361 1077 514 1157 ἑξήκοντα
528 1077 612 1156 μόνα
619 1077 751 1157 ἅρματα
766 1079 895 1155 ἄγοντα.
912 1129 918 1143 .
935 1129 941 1143 .
958 1078 1041 1143 ἀλλὰ
1056 1078 1226 1159 διεχιλίουε
1238 1081 1300 1159 γὰρ

363 1189 448 1264 λέγει
463 1187 580 1253 ἱππέα(
595 1186 718 1264 ἄγοντα
733 1189 899 1269 ἀφικέεθαι
914 1195 972 1255 τοῦ
984 1191 1105 1269 Πώρου
1121 1191 1178 1255 τὸν
1190 1193 1300 1273 παῖδα,

362 1297 486 1377 ἅρματα
508 1298 544 1362 δὲ
566 1297 681 1363 ἑκατὸν
703 1298 755 1362 καὶ
776 1296 880 1364 εἴκοιι.
916 1299 1033 1379 φθὰεοιι
1063 1301 1097 1364 δὲ
1121 1299 1301 1378 περάιαντα

362 1407 574 1487 Ἀλέξανδρον
596 1414 672 1473 cett.

161 1543 226 1608 Hic
248 1543 350 1609 verba
366 1565 449 1629 quae
465 1549 556 1606 sunt:
579 1542 821 1624 Ἀριετόβουλο(
836 1581 876 1592 -
893 1545 978 1621 λέγει
992 1546 1051 1611 τὸν
1065 1546 1188 1625 Πώρου
1203 1549 1302 1611 παῖδα

160 1654 293 1737 osteor,
322 1662 355 1717 et
379 1655 583 1735 Πτολεμαῖοι
606 1689 645 1700 -
676 1654 793 1735 φθάευι
821 1658 857 1721 δὲ
885 1655 1066 1734 περάεοιυτα
1094 1655 1303 1734 Ἀλέξανδρον

159 1761 256 1828 facile
285 1785 344 1828 nos
372 1762 547 1846 inducunt,
579 1771 616 1826 ut
637 1762 861 1828 Ptolemaeum
884 1762 1033 1829 consulto
1055 1764 1099 1828 ad
1120 1763 1304 1831 Aristobuli

158 1872 262 1940 verba
275 1873 463 1959 respexisse
478 1873 684 1938 arbitremur.
714 1873 786 1937 Nisi
801 1873 887 1938 forte
903 1874 989 1959 quod
1005 1874 1107 1939 altera
1126 1875 1304 1940 enuntiatio

159 1983 334 2048 manifesto
349 1983 450 2070 priori
466 1984 616 2068 opposita
632 1992 682 2047 est
688 2031 697 2066 ,
720 1981 753 2046 id
770 1984 911 2048 Arriano
934 1985 1042 2071 potius
1059 2006 1155 2071 quam
1171 1985 1305 2050 Arriani

159 2092 346 2162 auctoribus
370 2091 579 2158 tribuendum
602 2102 663 2157 est.

111 2247 143 2296 ra
202 2229 278 2294 Arr.
301 2229 339 2312 5,
361 2227 418 2308 20,
441 2229 472 2296 2.
501 2227 586 2295 Ptol.
609 2230 651 2294 fr.
676 2229 732 2312 173
755 2228 902 2294 Aristob.
928 2229 968 2295 fr.
985 2229 1036 2294 28.
1067 2232 1193 2311 ”Oropo
1214 2233 1304 2312 δὲῆν
1343 2255 1346 2262 ’

360 2345 407 2424 τῷ
430 2341 514 2405 ἔθνει
537 2337 744 2416 [terrorism
751 2387 761 2419 ,
791 2339 837 2404 ὡ(
865 2340 950 2416 λέγει
972 2341 1229 2425 Ἀριετόβουλοε,
1260 2344 1305 2408 ὼε
1347 2421 1350 2426 ⁴

361 2451 396 2514 δὲ
417 2449 635 2530 Πτολεμαῖος,
659 2451 679 2513 Γ
681 2453 800 2515 tabem.

161 2583 365 2650 Ptolemaeus
389 2585 576 2670 ceteroquin
600 2584 892 2670 geographicarum
915 2594 948 2649 et
972 2585 1301 2672 ethnographicarum

161 2718 271 2760 rerum
298 2717 413 2781 parum
441 2695 587 2760 curiosus
616 2694 778 2778 integram
804 2695 944 2758 nominis
973 2694 1112 2761 formam
1144 2718 1304 2778 servasse,

161 2802 373 2870 Aristobulus
396 2825 545 2889 graecam
567 2804 829 2869 terminationem
852 2803 1075 2888 adglutinasse
1098 2805 1239 2871 videtur.

245 2932 337 2997 Unus
362 2942 512 3018 superest
532 2930 640 3012 locus,
670 2953 733 3017 quo
757 2953 953 3018 quamquam
976 2931 1185 2998 Aristobulus
1216 2932 1303 2998 solus

161 3043 256 3106 testis
276 3043 464 3107 nominatim
481 3040 631 3123 affertur,
655 3050 764 3107 tamen
779 3040 1003 3106 Ptolemaeum
1018 3051 1184 3106 auctorem
1200 3040 1303 3108 latere

163 3174 236 3215 cum
259 3151 370 3238 aliqua
392 3150 623 3237 probabilitate
638 3151 895 3238 suspicabimur:

115 3301 145 3347 rr
208 3279 282 3343 Arr.
306 3278 343 3360 4,
367 3279 403 3358 6,
428 3281 462 3362 13
486 3279 632 3344 Aristob.
656 3277 697 3342 fr.
720 3279 770 3344 21.
808 3277 968 3362 Arrianus
997 3287 1169 3364 postquam
1196 3281 1307 3366 ampla

365 3388 552 3452 narratione
588 3386 629 3452 dc
660 3387 752 3453 clade
784 3387 1000 3453 Macedonum
1031 3384 1075 3452 ‘ad
1108 3389 1307 3456 Maracanda

366 3507 479 3563 contra
501 3496 722 3584 Spitamenem
753 3499 925 3562 missorum
948 3498 1114 3583 exposuit,
1146 3521 1205 3585 per
1226 3502 1305 3579 Ἀρι-

366 3609 540 3690 ετόβουλοε
563 3610 606 3674 δὲ
629 3646 666 3654 -
692 3609 777 3684 λέγει
799 3607 897 3671 aliam
919 3609 960 3672 de
982 3608 1097 3673 eadem
1120 3608 1212 3673 clade
1233 3632 1306 3674 nar·

366 3719 525 3783 rationem
551 3716 661 3804 paullo
684 3717 849 3784 diversam
872 3717 973 3782 infert
994 3740 1091 3804 quam
1114 3718 1306 3785 Aristobulo

367 3828 493 3894 tribuit.
532 3827 653 3892 Iamsi
682 3838 870 3913 reputamus
892 3829 1070 3893 Arrianum
1100 3851 1143 3894 ex
1171 3829 1306 3895 consilio

367 3959 466 4024 supra
488 3938 655 4023 proposito
678 3946 735 4003 aut
757 3935 979 4002 Ptolemaeum
1002 3948 1059 4002 aut
1081 3938 1306 4004 Aristobulum

367 4050 474 4133 sequi,
502 4045 555 4112 vel
577 4047 654 4111 inde
676 4046 834 4130 efficitur,
863 4069 902 4112 ea
924 4069 1007 4133 quae
1035 4055 1111 4112 ante
1133 4049 1309 4134 scripserat

366 4158 549 4245 quibusque
557 4156 1126 4244 opposuitexAristobuloexcerpta,
1134 4157 1308 4244 desumpta

367 4289 438 4332 esse
460 4266 696 4334 ePtolemaeo.
735 4266 847 4348 Quare
869 4266 1096 4334 Aristobulum
1124 4275 1251 4333 tantum
1273 4269 1306 4334 in
1333 4291 1348 4298 ·

367 4378 484 4465 capitis
499 4377 743 4464 tiparagraphis
762 4377 843 4442 1-3
854 4386 1010 4466 tanquam
1024 4378 1148 4446 fontem
1160 4377 1306 4463 agnosei-
