3160 5100
715 335 905 398 ..g..

241 527 314 568 eum
342 527 440 590 supra
467 504 572 568 fusius
601 503 642 566 de
670 503 730 567 hae
763 526 799 566 re
826 507 1016 592 exposuerit
1038 507 1074 587 4,
1106 505 1161 586 19,
1189 505 1210 568 4
1236 507 1316 572 ἔνθα
1343 507 1382 585 δὴ

241 615 351 680 ἄλλων
378 636 412 679 τε
441 618 574 680 πολλῶν
596 617 743 690 γυναῖκετ
772 616 820 680 καὶ
842 620 954 682 παῖδε(
982 617 1165 696 ἐλήφθηεαν
1188 617 1238 680 καὶ
1260 618 1278 693 ἡ
1301 619 1381 694 γυνὴ

242 727 260 803 ἡ
284 725 458 804 Ὀξυάρτου
481 725 532 788 καὶ
559 726 590 787 οἱ
618 727 737 790 παῖδες,
782 729 832 792 καὶ
860 726 899 804 ἠν
928 727 989 805 γάρ
1018 725 1171 808 Ὀξυάρτῃ
1200 729 1276 790 παῖε
1304 747 1383 804 παρ-

242 835 336 901 θένοτ
358 836 394 901 ἐν
417 836 486 918 ὥρᾳ
508 835 628 916 γάμου,
656 836 797 915 Ῥωξάνη
820 836 969 917 ὀνόματι,
1000 839 1039 914 ἣν
1068 838 1105 913 δὴ
1129 835 1295 913 καλλίετην
1317 840 1383 900 τῶν

242 947 393 1010 Ἀαανῶν
421 949 581 1020 γυναικῶν
605 946 750 1020 λέγουαν
774 945 915 1026 ὀφθῆναι
939 947 969 1010 οἱ
989 947 1046 1012 ξὺν
1068 945 1271 1028 Ἀλεξάνδρῳ
1295 965 1382 1023 ττρα-

242 1056 408 1120 τεύεαντεε
430 1054 507 1132 μετά
532 1075 568 1130 γε
590 1058 649 1133 τὴν
680 1056 823 1133 Δαρείου
851 1059 995 1131 γυναῖκα.
1035 1056 1091 1118 Καὶ
1124 1053 1241 1130 ταύτην
1276 1055 1385 1119 ἰδόντα

244 1166 453 1243 Ἀλέξανδρον
476 1165 509 1228 ἐ(
530 1165 636 1242 ἔρωτα
658 1166 762 1230 ἐλθεῖν
783 1166 888 1244 αὐτῆε.
927 1166 1099 1243 ἐρατθέντα
1114 1165 1151 1228 δὲ
1166 1164 1225 1228 οὐκ
1241 1163 1384 1241 ἐθελῆεαι

246 1273 367 1353 ὑβρίεαι
389 1271 530 1353 καθάπερ
554 1274 773 1357 αἰχμάλωτον,
803 1276 885 1339 ἀλλὰ
908 1280 1003 1355 γῆμαι
1031 1276 1093 1353 γὰρ
1124 1274 1184 1340 οὐκ
1205 1275 1385 1341 άπαξιῶεαι.

242 1419 285 1431 -
309 1383 408 1449 καίτοι
431 1388 486 1462 τῆ(
508 1404 544 1459 γε
559 1385 701 1462 Δαρείου
716 1383 881 1467 γυναικόε,
904 1387 922 1463 ἢ
946 1385 1091 1463 καλλίετη
1115 1386 1153 1463 δὴ
1176 1377 1305 1459 ἐλέγετο
1320 1389 1385 1449 τῶν

244 1495 279 1584 ἐν
302 1502 339 1578 τῇ
363 1495 447 1578 Ἀεὶᾳ
469 1497 647 1570 γυναικῶν,
677 1496 695 1572 ἢ
719 1495 779 1560 οὐκ
800 1494 897 1572 ἦλθεν
919 1495 952 1559 dc
975 1495 1158 1576 ἐπιθυμίαν,
1186 1495 1205 1572 ἢ
1234 1495 1386 1573 καρτερὸε

244 1604 342 1668 αὐτὸ(
364 1605 464 1670 αὑτοῦ
486 1605 632 1686 ἐγένετο,
655 1605 731 1669 νέοε
753 1626 787 1670 τε
810 1605 857 1670 ὢν
873 1611 949 1667 cett.
987 1605 1006 1669 ὁ
1028 1607 1064 1668 δὲ
1086 1604 1258 1687 κατῃδὲεθη
1280 1625 1314 1667 τε
1336 1605 1387 1668 καὶ

244 1714 393 1793 ἑφείεατο
410 1721 486 1776 eett.
515 1719 562 1777 De
573 1715 675 1780 variis
688 1713 834 1777 Bersinis
847 1713 1092 1797 Alexandrique
1102 1711 1261 1777 uxoribus
1276 1713 1385 1776 simul·

245 1843 307 1908 que
329 1822 370 1885 de
393 1823 551 1888 Artabazi
575 1823 755 1888 Memnonis
771 1823 930 1888 Mentoris
952 1822 1113 1887 affinitate
1135 1845 1176 1886 no
1198 1823 1251 1884 hio
1272 1821 1386 1906 longus

245 1933 307 1994 eim
329 1930 393 1995 alio
415 1930 486 1997 loeo
509 1933 625 1997 diuam.
664 1931 760 1998 Solus
776 1943 812 1998 ut
827 1932 958 1998 videtur
973 1930 1183 1997 Aristobulus
1200 1940 1386 2010 auctorest,

245 2041 470 2105 Alexandrum
494 2043 585 2106 Susis
609 2045 643 2106 in
665 2043 907 2108 matrimonium
930 2043 1065 2108 duxisse
1087 2065 1152 2106 non
1173 2044 1267 2106 modo
1292 2040 1387 2106 Darii

244 2150 343 2215 filiam
355 2151 524 2234 Barsinen,
535 2153 593 2216 sed
606 2155 702 2218 etiam
716 2153 799 2218 Ochi
813 2152 953 2238 quiante
965 2151 1105 2216 Darium
1119 2173 1179 2216 rex
1194 2153 1300 2216 fuerat
1310 2151 1386 2216 Per·

245 2283 370 2342 sarum,
389 2261 489 2325 filiam
504 2262 700 2347 Parysatim.
738 2261 836 2342 Quod
852 2263 921 2326 sine
936 2262 1036 2327 dubio
1052 2284 1110 2326 euo
1124 2262 1195 2326 iure
1211 2261 1388 2326 contendit.

246 2372 397 2436 Ceterum
413 2371 523 2435 euml.
540 2395 567 2436 e.
583 2374 743 2437 Arrianus
759 2374 804 2439 ὼε
819 2375 861 2439 δὲ
885 2351 977 2450 λέγει’
992 2373 1232 2453 Ἀριετόβουλοτ
1255 2371 1388 2452 dixerit,

246 2480 372 2568 relique
394 2483 538 2547 narratio
561 2484 613 2548 oui
628 2483 810 2548 Aristobuli
833 2483 1054 2548 testimonium
1071 2483 1255 2566 opponitur,
1279 2503 1388 2567 equo·

246 2615 322 2656 nem
338 2593 427 2657 fonte
442 2595 622 2657 manaverit
643 2616 709 2657 non
723 2591 834 2679 liquet.
872 2593 956 2656 Nam
979 2592 1020 2655 de
1035 2590 1221 2656 Ptolemaeo
1245 2593 1387 2676 cogitare

247 2725 305 2767 eur
326 2724 390 2766 non
413 2701 509 2767 liceat
530 2702 676 2767 breviter
697 2701 914 2768 indicabimus
937 2701 1143 2787 paragrapho
1166 2703 1186 2766 3
1209 2709 1290 2765 extr.

336 2810 494 2877 Similiter
516 2821 695 2878 statuemus
717 2812 758 2876 de
780 2811 841 2877 hoe
863 2813 949 2877 loeo:

200 2931 234 2978 2¹0
293 2921 368 2986 Arr.
383 2923 412 3003 7,
428 2922 476 3003 17,
492 2923 528 3004 53
544 2922 691 2987 Aristob.
704 2924 745 2987 fr.
760 2921 809 2986 19.
834 2914 1231 2986 Deterrueruntchaldaei
1243 2918 1387 2985 Alexan·

450 3032 543 3096 drum
557 3054 577 3096 a
593 3031 771 3118 Babylonis
788 3033 949 3116 ingressu.
979 3030 1171 3096 Alexander
1186 3053 1263 3097 vero
1280 3032 1385 3117 suspi-

451 3142 519 3207 cari
541 3144 649 3228 eoepit
676 3164 731 3207 eos
758 3142 915 3208 vaticinia
948 3139 1004 3205 ille
1036 3142 1280 3227 praetexuisse,
1314 3163 1387 3204 eum

453 3274 584 3316 suorum
611 3253 646 3316 in
674 3253 878 3317 commodum
900 3251 942 3315 ab
964 3250 1045 3315 urbe
1067 3260 1214 3318 avertere
1236 3261 1394 3338 cuperent

452 3383 572 3446 regem.
609 3364 717 3441 Ὅμωτ
733 3364 769 3428 δὲ
784 3364 823 3428 τά
837 3383 874 3438 γε
889 3367 944 3442 τῆ(
959 3363 1154 3443 ἐπιετροφῆτ
1168 3366 1225 3441 τῆε
1240 3363 1319 3427 κατὰ
1334 3365 1397 3441 τὴν

453 3471 580 3538 εἲεοδον
603 3474 660 3550 τὴν
683 3473 716 3537 ἐ(
738 3474 795 3552 τὴν
819 3474 912 3537 πόλιν
937 3473 1080 3552 ἐθελῆεαι
1103 3474 1213 3539 αὐτοῖς
1227 3477 1390 3551 πειεθῆναι

454 3583 539 3658 λέγει
554 3582 795 3663 Ἀριετόβουλοε
812 3629 818 3644 .
834 3629 840 3643 .
858 3629 865 3645 .
883 3631 890 3644 .
907 3583 990 3648 ἀλλὰ
1005 3583 1045 3648 οὐ
1060 3585 1122 3663 γάρ
1138 3587 1311 3662 δυνηθῆναι
1326 3583 1390 3648 ὑπὸ

455 3693 630 3772 δυεχωρίατ
653 3691 758 3758 οὕτω(
780 3692 888 3757 ἐλάται
911 3693 966 3759 Ξὺν
987 3699 1025 3776 τῇ
1041 3698 1184 3776 ετρατιᾷ,
1207 3693 1256 3758 ὅτι
1270 3694 1309 3758 τά
1324 3692 1390 3756 άπὸ

455 3808 581 3883 δυεμῶν
603 3807 659 3882 τῆ(
680 3804 808 3868 πόλεωε
831 3803 973 3885 εἰαόντι,
996 3803 1022 3867 εἰ
1045 3803 1142 3886 ταύτῃ
1165 3804 1247 3881 πρὸ(
1261 3802 1305 3866 ἕω
1321 3801 1393 3866 ἐπέ-

454 3933 606 3996 ετρεφεν,
634 3914 738 3992 ἑλώδη
760 3934 794 3977 τε
818 3914 868 3978 καὶ
889 3913 1054 3991 τεναγώδη
1077 3911 1125 3990 ῆν.
1162 3912 1321 3977 καὶοῦτω
1344 3912 1394 3977 καὶ

455 4022 570 4088 ἑκόντα
584 4024 635 4087 καὶ
649 4022 770 4088 ἄκοντα
784 4023 949 4100 ἀπειθῆεαι
964 4029 1009 4106 τῷ
1025 4027 1097 4106 θεῷ.
1134 4019 1200 4085 Ubi
1216 4020 1394 4085 notandum

456 4131 663 4195 manifestum
678 4131 861 4198 Aristobuli
883 4128 1054 4194 eonsilium
1077 4131 1307 4196 vaticiniorum
1322 4127 1394 4194 reli·

455 4244 584 4326 gionem
599 4240 753 4307 violatam
766 4239 1053 4322 commonstrandi,
1076 4241 1167 4305 ouius
1186 4240 1315 4305 consilii
1329 4262 1395 4305 non

456 4351 510 4414 hie
526 4351 612 4418 solus
628 4350 812 4418 Aristobuli
834 4350 926 4418 loeus
948 4350 1221 4438 significationem
1243 4351 1352 4417 habet.
