3160 5100
648 381 857 446 ..45-

343 577 345 580 ·
384 549 449 616 ύπὸ
473 551 615 631 καμάτου
633 551 791 630 ένόςηςεν.
830 551 869 615 οἱ
892 554 933 616 δὲ
956 552 1000 617 εἰς
1014 553 1072 618 τόν
1090 551 1214 619 Κύδνον
1229 573 1329 619 ποτα-

385 661 446 743 μὸν
469 661 595 738 λέγουςι
611 661 751 741 ῥίψαντα
766 663 917 742 νήξαςθαι
932 662 1166 743 έπιθομήςαντα
1179 668 1238 729 τού
1254 663 1329 729 ὕδα-

383 791 455 866 τος,
482 770 622 850 ἱδρῶντα
649 771 701 836 καὶ
722 771 856 851 καύματι
877 770 1045 852 ἐχόμενον.
1088 771 1141 836 De
1168 773 1229 838 hoc
1258 771 1329 839 loco

384 881 464 944 item
478 887 514 945 ut
529 878 570 942 de
584 879 792 944 antecedenti
807 902 879 946 esse
894 880 1104 947 iudicandum
1122 883 1330 970 perspicuum

384 991 421 1054 fit
444 1012 486 1054 ex

226 1102 313 1168 Plut.
335 1101 433 1167 Alex.
458 1101 513 1184 19,
540 1102 556 1164 1
580 1101 642 1168 Ἠν
664 1103 700 1166 δέ
722 1101 741 1181 ἡ
764 1105 905 1183 διατριβὴ
929 1103 981 1168 διά
1004 1104 1103 1170 νότον
1125 1105 1166 1185 ἣν
1194 1104 1231 1170 οἱ
1259 1106 1329 1186 μὲν

385 1214 420 1279 ἐκ
441 1213 569 1290 κόπων,
592 1212 630 1277 οἱ
653 1214 693 1277 δὲ
718 1213 905 1298 λοοςαμένιμ
928 1213 964 1279 ἐν
980 1221 1025 1299 τῷ
1041 1218 1098 1280 τού
1117 1215 1242 1281 Κύδνου
1258 1214 1329 1294 ῥεύ-

383 1339 455 1402 ματι
478 1323 692 1400 καταπαγέντι
714 1326 906 1402 προςπεςείν
930 1324 1065 1400 λέγοντι.

184 1432 283 1498 Haud
306 1455 399 1497 secus
421 1432 630 1497 statuendum
653 1431 695 1495 de
717 1430 787 1496 loco
809 1432 903 1495 hoce:

134 1565 167 1612 aa
229 1546 306 1608 Arr.
323 1542 358 1626 7,
384 1545 438 1624 13,
461 1544 482 1606 2
497 1544 636 1609 ἐνταῦθα
658 1543 805 1620 λέγουςιν
828 1544 877 1608 ότι
891 1544 1088 1624 Ἀτροπάτης
1102 1545 1121 1610 6
1137 1549 1192 1625 τῆς
1208 1544 1332 1625 Μηδίας

384 1653 548 1735 ςατράπης
571 1657 724 1732 γυναῖκας
745 1653 860 1719 ἑκατὸν
881 1653 969 1739 αύτῷ
991 1653 1107 1733 ἔδωκε,
1129 1655 1247 1720 ταύτας
1267 1655 1329 1737 φά-

300 1743 314 1772 ’
386 1789 469 1835 ςκων
505 1767 587 1832 εἶναι
614 1769 679 1830 τῶν
708 1764 891 1844 Ἀμαζόνων
923 1799 961 1810 -
990 1763 1011 1828 3
1039 1773 1123 1828 extr.
1157 1765 1264 1830 Ταῦτα
1295 1767 1331 1829 δὲ

386 1873 462 1938 οὔτε
485 1873 726 1955 Ἀριςτόβουλος
749 1873 825 1939 οὔτε
847 1874 1049 1954 Πτολεμαῖος
1071 1874 1147 1940 οὔτε
1168 1895 1215 1940 τις
1230 1872 1330 1939 ἄλλος

386 1984 572 2064 ἀνέγραψεν
611 1985 696 2050 όςτις
728 1984 838 2050 ἱκανὸς
872 1983 953 2062 ὑπὲρ
989 1989 1055 2051 τῶν
1088 1988 1248 2050 τοιούτων
1280 2004 1330 2049 τε-

385 2099 567 2175 κμηριῶςαι.

181 2207 275 2288 Quae
289 2205 391 2272 multo
407 2204 604 2282 luculentius
620 2203 678 2269 sed
694 2203 808 2269 eodem
823 2203 913 2269 fonte
928 2226 1018 2289 usus,
1034 2225 1131 2291 quem
1142 2206 1329 2290 nequeAri·

180 2316 344 2384 stobulum
358 2337 464 2402 neque
478 2314 701 2380 Ptolemaeum
716 2317 824 2402 ipsum
841 2336 912 2379 esse
927 2316 999 2400 ipsa
1013 2314 1077 2379 loci
1091 2317 1175 2380 ratio
1197 2314 1328 2379 demon-

181 2438 279 2512 strat,
301 2426 495 2491 Plutarchus
512 2427 663 2512 exponit,
686 2425 764 2489 licet
778 2426 813 2488 in
828 2447 866 2489 ea
888 2446 934 2507 re,
958 2445 1037 2489 casu
1052 2426 1183 2510 opinor,
1200 2405 1330 2490 differat

181 2537 223 2602 ab
238 2538 397 2619 Arriano,
421 2533 508 2622 quod
530 2535 558 2600 is
574 2534 797 2600 Ptolemaeum
820 2534 950 2600 omnino
974 2535 1015 2598 de
1037 2533 1101 2598 hac
1119 2555 1154 2597 re
1176 2535 1329 2617 tacuisse,

181 2646 376 2713 Plutarchus
409 2668 488 2712 vero
522 2643 614 2709 illum
646 2644 730 2709 hanc
758 2644 902 2710 fabulam
936 2643 1014 2709 data
1040 2665 1139 2731 opera
1170 2644 1330 2709 refutasse

181 2757 298 2822 refert:
785 2755 790 2764 ”

223 2868 309 2934 Plut.
332 2866 429 2932 Alex.
451 2868 550 2948 46,1
584 2868 721 2934 ἐνταῦθα
753 2870 790 2933 δὲ
823 2868 905 2946 πρὸς
938 2867 1039 2933 αὐτὸν
1073 2866 1239 2948 άφικέςθαι
1271 2869 1328 2946 τὴν

384 2979 542 3060 Ἀμαζόνα
557 2977 588 3042 οἱ
603 2980 721 3044 πολλοὶ
737 2979 883 3055 λέγουςιν
892 3027 901 3061 ,
924 2977 970 3042 ὧν
988 2978 1039 3042 καί
1057 2977 1248 3057 Κλείταρχός
1264 2977 1328 3042 ἐςτι

384 3091 436 3154 καὶ
457 3089 674 3154 Πολύκλειτος
696 3089 748 3153 καὶ
774 3088 987 3168 Ὀνηςίκριτος
1008 3088 1060 3153 καὶ
1076 3087 1256 3166 Ἀντιγένη(
1279 3089 1330 3152 καὶ

383 3201 514 3278 Ἴςτρος.
552 3200 792 3280 Ἀριςτόβουλος
819 3200 855 3263 δὲ
883 3199 936 3262 καὶ
959 3199 1064 3279 Χάρης
1087 3196 1105 3261 ὁ
1129 3197 1328 3275 εἰςαγγελεὺς

385 3312 436 3375 καὶ
450 3310 653 3391 Πτολεμαῖος
668 3309 718 3374 καὶ
734 3309 944 3388 Ἀντικλείδης
959 3309 1011 3372 καί
1025 3307 1134 3374 Φίλων
1151 3307 1170 3372 6
1186 3308 1326 3390 Θηβαῖος

384 3421 435 3485 καὶ
456 3419 616 3486 Φίλιππος
638 3419 657 3484 6
682 3419 897 3502 Θεαγγελεὺς,
925 3419 1006 3498 πρὸς
1035 3421 1071 3484 δὲ
1093 3419 1220 3484 τούτοις
1242 3418 1327 3483 Ἑκα·
1379 3409 1384 3420 ’

384 3533 474 3595 ταῑος
505 3530 524 3595 6
553 3531 725 3611 Ἐρετριεὺς
758 3532 810 3595 καὶ
836 3530 997 3595 Φίλιππος
1024 3529 1043 3592 ό
1074 3529 1246 3594 Χαλκιδεὺς
1275 3529 1328 3593 καὶ

383 3642 506 3719 Δούρις
529 3640 547 3705 ὁ
570 3642 685 3720 (άμιος
707 3641 835 3721 πλάςμα
857 3641 935 3722 φαςὶ
955 3638 1125 3716 γεγονέναι
1146 3643 1252 3704 τοῦτο.

181 3755 297 3838 Aequo
319 3750 415 3815 modo
438 3759 470 3814 et
491 3753 568 3815 Arr.
592 3751 628 3833 7,
651 3750 709 3831 27,
734 3749 827 3813 1--3
850 3758 882 3813 et
905 3747 991 3812 Plut.
1014 3745 1069 3813 Al.
1086 3748 1143 3830 77,
1169 3747 1261 3812 1-3
1284 3749 1327 3812 si-

182 3861 318 3926 millime
333 3861 494 3946 malignos
510 3881 656 3927 rumores
671 3859 817 3924 refutant
832 3880 913 3946 quos
928 3858 1062 3945 quidam
1082 3860 1124 3923 de
1139 3856 1329 3923 Alexandro

165 3994 308 4038 ueneno
330 3971 503 4037 interfecto
527 3970 792 4056 divulgaverunt.

266 4083 443 4148 Arrianum
464 4104 542 4148 vero
564 4105 629 4148 non
651 4083 760 4168 ipsum
774 4074 953 4146 Ptolemaei
975 4102 1055 4168 opus
1078 4079 1270 4144 adhibuisse
1286 4101 1329 4144 ex

180 4193 246 4259 alio
268 4215 396 4280 quoque
425 4193 495 4259 loeo
525 4193 677 4258 efficitur.
714 4192 847 4257 Etenim
873 4199 1046 4277 postquam
1074 4189 1115 4254 de
1137 4188 1329 4255 Alexandro

181 4304 271 4391 apud
293 4303 410 4369 Mallos
433 4302 604 4369 vulnerato
628 4303 798 4390 exposuit,
822 4300 942 4365 subicit
964 4301 1058 4365 haec:

132 4439 163 4488 τι
223 4417 299 4480 Arr.
323 4417 359 4498 6,
386 4416 440 4500 11,
464 4416 483 4479 8
507 4417 551 4482 Τό
574 4419 610 4481 δὲ
633 4419 671 4496 δὴ
700 4417 845 4499 μέγιςτον
875 4415 1084 4496 πλημμέλημα
1105 4417 1171 4478 τῶν
1193 4419 1326 4492 ξυγγρα-
