3160 5100
735 351 941 414 ..40-

264 521 434 606 Significat
468 542 503 584 se
536 519 662 585 lacinus
689 518 733 596 ab
762 516 952 584 Alexandro
982 522 1016 584 in
1044 519 1166 585 Clitum
1201 519 1408 584 commissum

264 641 469 696 narraturum
493 652 580 712 esse,
609 638 744 716 arteque
766 651 848 716 quac
870 639 1050 716 seqrumtur
1071 632 1156 695 inter
1179 651 1214 693 sc
1236 629 1408 695 cohaerent

264 740 559 828 usqueadcup.10,
575 739 632 804 ubi
647 739 888 822 transgreditur
903 741 1042 828 scriptor
1053 740 1096 805 ad
1105 739 1350 822 Callisthenem,
1368 739 1408 804 de

264 873 327 938 quo
339 853 475 916 nimium
491 851 594 915 libere
609 850 748 934 dicente,
766 859 880 936 postca
895 851 1130 916 coniurationis
1147 850 1407 916 contraAlexan-

265 965 359 1030 drum
367 963 409 1029 ab
421 959 597 1027 Hermolao
614 969 755 1025 structae
770 962 940 1047 participe,
956 961 1095 1046 deniquo
1108 960 1279 1047 suppliciis
1291 962 1408 1025 affecto

264 1097 366 1163 usquc
387 1074 430 1138 ad
451 1072 568 1159 capitis
597 1072 633 1135 14
655 1070 751 1135 finem
774 1072 905 1158 copiose
928 1072 1073 1156 exponit.
1111 1072 1164 1136 Ibi
1185 1073 1287 1138 adicit
1308 1072 1408 1136 haec:

263 1189 370 1252 Ταῦτα
392 1186 449 1264 μὲν
471 1185 510 1262 δὴ
534 1182 573 1248 οὐ
596 1183 708 1265 πολλῷ
725 1181 857 1261 ὕςτερον
873 1184 1055 1262 πραχθέντα
1070 1183 1134 1259 ἐγὼ
1152 1183 1187 1248 ἐν
1209 1187 1313 1249 τοῑςδε
1336 1187 1406 1248 τοῖς

263 1297 346 1376 ἀμφὶ
362 1296 492 1359 Κλεῖτον
507 1294 737 1370 ξυνενεχθεῑςιν
751 1290 952 1377 Ἀλεξάνδρῳ
976 1292 1156 1376 ἀνέγραψα,
1179 1293 1307 1359 τούτοις
1329 1296 1407 1370 μᾶλ-

264 1406 324 1472 λόν
335 1426 364 1470 τι
377 1402 477 1470 οἰκεῖα
487 1400 662 1482 ὑπολαβὼν
679 1400 711 1466 ἐς
729 1403 787 1480 τὴν
800 1400 967 1482 άφήγηςιν.
991 1401 1102 1482 Quare
1116 1403 1277 1466 neminem
1290 1403 1408 1465 mirum

263 1514 415 1596 habehit,
444 1509 552 1599 paullo
575 1520 666 1598 post,
689 1532 759 1597 cap.
782 1511 839 1592 22,
862 1511 882 1574 2
906 1521 989 1576 extr.
1013 1511 1069 1575 ubi
1092 1511 1134 1575 de
1156 1510 1348 1578 Alexandro
1374 1513 1411 1575 in

265 1625 393 1690 Bactris
409 1629 605 1688 commorato
620 1621 771 1702 refertur,
788 1619 868 1684 haec
878 1620 975 1685 addi:
991 1625 1042 1689 καὶ
1057 1623 1092 1688 ἐν
1108 1624 1260 1702 Βάκτροις
1275 1625 1314 1689 τὸ
1329 1623 1411 1704 ἀμφὶ

267 1736 477 1814 Καλλιςθένην
499 1753 534 1797 τε
555 1733 607 1797 καὶ
628 1732 705 1797 τοὺς
728 1735 844 1797 παῖδας
866 1732 995 1811 πάθημα
1009 1733 1208 1818 Ἀλεξάνδρῳ
1224 1735 1409 1813 ξυνηνέχθη.

349 1846 419 1910 Iam
425 1842 512 1929 apud
520 1840 731 1906 Plutarchum
738 1863 870 1928 prorsus
877 1840 1015 1906 eundem
1027 1842 1141 1907 harum
1149 1842 1411 1909 rerumordincm

265 1979 284 2019 a
305 1965 486 2041 temporum
506 1952 688 2018 rationibus
711 1951 939 2017 abhorrentem
961 1953 1152 2039 reperimur.
1181 1953 1300 2035 Porro,
1324 1952 1410 2039 quod

264 2068 375 2149 magni
402 2063 559 2129 momenti
587 2070 651 2142 est,
687 2083 756 2148 cap.
785 2062 828 2126 50
854 2063 925 2127 init.
954 2063 989 2126 in
1015 2064 1110 2128 initio
1136 2063 1216 2128 hacc
1245 2062 1409 2128 simillima

265 2174 368 2240 verba
393 2173 519 2260 posuit:
549 2173 596 2238 Οὐ
624 2172 737 2256 πολλῷ
765 2175 801 2238 δὲ
829 2173 961 2252 ὕςτερον
989 2175 1163 2254 ςυνηνέχθη
1193 2175 1245 2240 καὶ
1271 2175 1310 2239 τά
1338 2176 1408 2253 περὶ

268 2288 399 2352 Κλεῖτον
422 2291 498 2347 cett.
535 2281 621 2346 Tum
648 2279 762 2344 eodem
790 2282 860 2346 fere
888 2304 951 2369 quo
978 2284 1137 2348 Arrianus
1165 2283 1260 2349 modo
1290 2285 1406 2348 transit

215 2419 217 2426 ’
266 2415 336 2482 cap.
351 2395 394 2459 52
415 2392 458 2458 ad
473 2389 724 2474 Callisthenem,
748 2390 925 2478 eademque
947 2395 1074 2459 ratione
1096 2394 1149 2459 hio
1172 2394 1282 2459 statim
1303 2394 1407 2458 fusius

251 2506 307 2571 'de
336 2502 537 2571 Callisthene
565 2502 799 2566 coniurationis
828 2505 986 2590 participe
1015 2512 1047 2568 et
1075 2504 1116 2578 de
1144 2504 1213 2568 eius
1240 2524 1345 2590 poena
1372 2524 1408 2566 ac

173 2673 178 2682 .
266 2625 369 2681 morte
397 2614 547 2710 exponit,
577 2632 659 2697 quae
691 2613 834 2677 narratio
865 2614 1006 2699 pertinet
1040 2635 1145 2699 usque
1174 2614 1216 2678 ad
1245 2622 1342 2700 caput
1369 2613 1409 2678 55

266 2735 349 2794 extr.
391 2724 543 2810 Denique
565 2720 619 2785 vel
648 2722 682 2784 in
703 2741 740 2786 eo
764 2722 959 2786 Plutarchus
983 2722 1167 2788 simillimus
1191 2733 1240 2789 est
1260 2725 1409 2804 Arriano,

266 2834 355 2923 quod
379 2834 473 2898 brevi
501 2841 576 2920 post
600 2851 669 2918 cap.
691 2831 732 2895 59
760 2841 844 2896 extr.
872 2855 1066 2919 quamquam
1087 2833 1321 2900 Callisthenem
1347 2857 1411 2899 non

266 2954 377 3033 apertc
400 2945 560 3025 nominat,
584 2951 692 3006 tamen
714 2942 887 3008 manifesto
907 2943 1038 3010 adeum
1059 2945 1236 3030 respiciens
1260 2944 1339 3008 haee
1354 2942 1409 3007 ad-

266 3056 332 3120 dit:
366 3055 433 3123 Οὐκ
461 3055 616 3121 ἐδάςςονα
648 3055 684 3118 δέ
716 3055 842 3119 τούτων
872 3054 903 3120 οἱ
938 3055 1115 3137 φιλόςοφοι
1148 3056 1318 3135 πράγματα
1351 3075 1410 3118 πα-

269 3168 383 3246 ρέςχον
404 3163 508 3248 αὐτῷ,
531 3165 608 3230 τούς
630 3185 664 3230 τε
686 3164 955 3244 προςτιθεμένους
969 3171 1035 3231 τῶν
1058 3167 1211 3246 βαςιλέων
1234 3165 1412 3233 κακίζοντες
1444 3145 1448 3156 ’

267 3277 319 3340 καὶ
341 3276 417 3341 τοὺς
440 3275 630 3355 ἐλευθέρους
652 3275 773 3353 δήμους
796 3274 994 3356 ἀφιςτάντες.
1038 3277 1089 3342 διὸ
1111 3276 1310 3342 καὶτούτων
1332 3278 1412 3340 πολ-

269 3385 347 3450 λοὺς
369 3384 548 3465 ἐκρέμαςεν.
586 3383 678 3446 Haec
701 3385 730 3446 si
753 3406 826 3448 oum
842 3385 975 3449 Arriani
999 3384 1079 3450 loeis
1096 3407 1193 3472 supra
1214 3385 1321 3450 citatis
1337 3407 1411 3448 con·
1523 3431 1529 3436 -

268 3496 427 3573 feramuS,
462 3490 607 3557 dubitari
643 3493 771 3577 nequit,
806 3494 886 3578 quin
919 3504 1067 3580 spectent
1094 3495 1137 3558 ad
1166 3493 1411 3560 Callisthenem.

269 3605 390 3668 Verum
413 3602 455 3666 de
477 3601 573 3666 huius
596 3610 701 3667 morte
722 3601 779 3666 alii
807 3600 902 3668 aliter
923 3603 1115 3671 retulerunt.
1139 3605 1180 3670 cf.
1205 3603 1291 3669 Plut.
1314 3604 1412 3670 Alex.

268 3715 310 3778 55
317 3762 327 3795 ,
349 3714 369 3778 5
391 3715 581 3780 Ἀποθανεῖν
604 3713 639 3779 δ’
654 3715 754 3780 αὐτὸν
770 3715 801 3782 οἱ
821 3717 879 3795 μέν
895 3716 954 3781 ὑπ’
976 3716 1187 3794 Ἀλεξάνδρου
1203 3717 1414 3796 κρεμαςθέντα

269 3825 435 3900 λέγουςιν,
464 3823 495 3888 οἱ
518 3825 553 3887 δ’
575 3824 611 3889 ἐν
634 3825 745 3891 πέδαις
767 3826 938 3904 δεδεμένον
960 3827 1011 3890 καὶ
1032 3828 1226 3910 νοςήςαντα,
1249 3825 1356 3905 Χάρης
1377 3827 1413 3891 δέ

269 3935 347 4015 μετὰ
369 3936 427 4014 τὴν
450 3934 607 4014 ςύλληψιν
631 3935 711 4000 ἑπτὰ
732 3939 832 4016 μῆνας
854 3937 1070 4017 φυλάττεςθαι
1085 3937 1259 4018 δεδεμένον
1275 3975 1316 3984 -
1331 3935 1411 4001 ἀπο-

268 4048 376 4110 θανεῖν
405 4043 593 4123 ὑπέρπαχυν
621 4045 799 4125 γενόμενον
827 4048 877 4110 καὶ
905 4046 1140 4126 φθειριάςαντα.
1176 4047 1300 4132 Aptum
1316 4046 1412 4110 huius

267 4155 316 4218 rei
339 4153 598 4240 supplementum
620 4155 780 4219 Arrianus
805 4155 994 4242 suppeditat
1015 4155 1036 4218 4
1043 4204 1052 4238 ,
1078 4156 1133 4238 14,
1157 4156 1177 4220 3
1202 4158 1412 4236 Καλδιςθένην

268 4265 304 4328 δέ
326 4265 566 4346 Ἀριςτόβουλος
588 4269 645 4348 μὲν
668 4268 753 4345 λέγει
776 4267 948 4346 δεδεμένον
971 4266 1006 4330 ἐν
1027 4267 1137 4331 πέδαις
1152 4267 1412 4348 ξυμπεριάγεςθαι

268 4380 306 4458 τῇ
329 4381 473 4460 ςτρατιᾷ,
502 4377 610 4443 ἔπειτα
632 4377 718 4460 νόςῳ
741 4380 940 4457 τελευτῆςαι,
968 4375 1171 4457 Πτολεμαῖος
1199 4378 1234 4441 δὲ
1261 4376 1411 4454 δΛάγου
