3160 5100
777 370 985 432 ,ορ-

311 539 475 602 enarravit
498 535 539 601 fr.
563 537 640 601 hist.
663 559 713 622 gr.
737 537 773 620 2,
796 538 859 601 442
882 559 952 624 sqq.
975 537 1032 601 ubi
1061 547 1246 624 comparato
1268 521 1375 603 Plinio
1397 538 1457 601 nh.

309 648 345 730 6,
368 647 408 711 21
432 647 512 710 haec
534 645 650 711 habet:
680 646 864 712 ‘Patrocles
895 647 956 711 sub
979 646 1114 713 Seleuco
1138 649 1292 712 Nicatore
1320 650 1458 735 eiusque

255 761 257 770 '
308 755 375 821 filio
397 757 561 822 Antiocho
584 779 641 844 per
663 767 790 844 tempus
814 755 947 843 aliquod
969 756 1157 842 regionibus
1186 757 1342 844 praefuit,
1371 780 1458 844 quae

309 877 385 931 sunt
416 869 502 931 circa
531 888 620 930 mare
642 866 865 952 Hyrcanicum
893 876 991 954 atque
1016 865 1170 954 Caspium
1194 868 1248 952 (fr.
1274 868 1323 952 7);
1352 888 1458 952 eaque

308 978 410 1040 maria
439 999 511 1040 cum
541 977 643 1040 classe
671 975 896 1063 perlustravit,
933 999 970 1043 eo
1000 986 1037 1041 ut
1065 977 1197 1041 videtur
1230 976 1382 1058 consilio,
1418 985 1458 1038 ut

309 1089 479 1173 utriusque
491 1087 752 1152 coniunctionem
769 1086 931 1173 quandam
946 1088 1160 1172 investigaret
1176 1095 1264 1151 cett!
1289 1087 1458 1151 ‘Ceterum

309 1196 474 1262 Patrocles
496 1205 607 1261 noster
629 1197 716 1260 idem
739 1195 851 1282 procul
872 1196 972 1261 dubio
995 1206 1045 1261 est
1073 1219 1145 1260 cum
1169 1218 1222 1280 eo,
1245 1198 1300 1283 qui
1323 1219 1374 1260 an.
1391 1197 1457 1260 312

208 1351 212 1359 .
311 1305 474 1392 Babyloni
496 1329 515 1368 a
539 1305 673 1370 Seleuco
696 1305 880 1392 praefectus
904 1317 973 1370 erat
996 1305 1110 1392 (Diod.
1136 1307 1190 1388 19,
1217 1307 1308 1389 100),
1332 1305 1458 1368 deinde

310 1437 362 1480 an.
391 1417 454 1480 286
477 1414 612 1480 Seleuco
638 1417 815 1502 persuasit,
843 1438 883 1479 119
910 1415 1025 1480 fideret
1054 1415 1222 1480 Demetrio
1251 1414 1456 1480 Poliorcetao

310 1524 472 1612 supplices
488 1526 531 1589 ad
547 1547 656 1611 regem
671 1525 797 1590 litteras
810 1547 827 1588 e
843 1525 960 1590 Cilicia
975 1527 1118 1590 mittenti
1134 1525 1234 1610 (Plut.
1248 1523 1365 1610 Pyrrh.
1380 1525 1456 1608 47);

309 1637 364 1720 qui
387 1635 527 1721 denique
554 1645 628 1723 post
655 1645 793 1699 mortem
817 1635 944 1700 Seleuci
968 1636 1035 1719 (an.
1057 1636 1134 1721 280)
1163 1635 1205 1698 ab
1228 1634 1391 1699 Antiocho
1421 1635 1457 1696 in

308 1745 424 1808 Asiam
456 1746 574 1810 missus
612 1755 660 1808 est
693 1747 867 1827 minorem,
901 1757 936 1809 ut
967 1744 1164 1832 pullulantes
1197 1744 1245 1808 ibi
1277 1743 1456 1807 seditiones

307 1856 548 1938 restingueret)
585 1855 651 1920 Ubi
675 1855 835 1940 quomodo
863 1877 882 1917 a
910 1855 1076 1941 Bithyniis
1104 1857 1346 1918 circumventus
1375 1855 1455 1917 insi-

309 1963 372 2027 diis
406 1963 596 2028 interfectus
630 1967 673 2029 sit
703 1966 853 2050 exposuit
880 1964 1035 2028 Memnon
1062 1965 1101 2028 fr.
1133 1963 1172 2028 15
1201 1962 1381 2026 CMuellor
1410 1963 1453 2025 fr.

309 2073 421 2139 histor.
445 2096 494 2158 gr.
518 2075 537 2138 3
560 2097 615 2160 pg.
638 2074 701 2139 534
716 2096 764 2160 sq.
802 2073 873 2138 Iam
902 2076 930 2139 si
953 2075 1120 2161 quaeritur
1142 2095 1286 2159 quonam¹
1308 2083 1456 2159 tempore

308 2185 379 2247 veri
403 2182 604 2248 simillimum
627 2184 670 2248 sit
692 2185 864 2270 scripsisse
886 2183 1067 2250 Patroclem
1094 2184 1341 2249 commentarios
1365 2205 1454 2265 suos,

308 2283 520 2358 factum'hoc
549 2315 620 2358 esse
646 2295 735 2358 intra
761 2315 861 2357 annos
884 2294 1064 2360 312-286
1087 2295 1349 2360 commodissime
1378 2315 1454 2357 con-

309 2403 498 2486 iectabitur,
536 2425 573 2467 eo
607 2405 710 2493 igitur
736 2413 880 2491 tempore
909 2426 972 2490 quo
1001 2403 1225 2470 Aristobulum
1250 2427 1330 2489 opus
1358 2425 1455 2468 suum

314 2515 458 2580 nondum
486 2512 678 2598 adgressum
707 2535 777 2578 esse
799 2515 887 2578 infra
908 2537 962 2601 pg.
985 2515 1027 2580 25
1049 2513 1354 2580 demonstrabimus.
1391 2512 1453 2576 Pa·

310 2624 422 2689 troclis
437 2623 536 2687 fidem
553 2634 584 2688 et
599 2625 827 2688 auctoritatem
842 2626 906 2688 iam
923 2625 949 2689 O
964 2623 1103 2688 Mueller
1116 2626 1241 2689 monuit
1256 2645 1276 2686 a
1291 2622 1453 2688 Strabone

310 2735 444 2798 summis
473 2731 626 2798 laudibus
654 2735 771 2797 efferri.
816 2734 948 2799 Scilicet
975 2743 1147 2820 postquam
1169 2733 1190 2797 2
1219 2756 1272 2820 pg.
1297 2734 1339 2796 to
1366 2741 1451 2796 extr.

310 2843 526 2907 Deimachum
543 2853 575 2908 et
590 2843 837 2928 Megasthenem
852 2853 888 2907 ut
903 2843 967 2907 fide
983 2844 1118 2928 indigno
1141 2843 1351 2908 acerbissime
1374 2863 1450 2905 exa-

311 2954 433 3038 gitavit
449 2953 543 3017 addit
558 2952 613 3017 ille
628 2952 724 3017 haec:
747 2956 937 3034 Πατροκλῆα
960 2957 996 3019 δὲ
1017 2956 1124 3033 ἥκιττα
1139 2958 1295 3020 τοιοῦτοι.
1332 2951 1452 3016 Eidem

311 3062 455 3128 Patrocli
477 3065 700 3150 patrocinatur
721 3064 743 3126 2
764 3085 818 3150 pg.
842 3063 899 3128 68:
922 3065 1112 3144 Πατροκλῆα
1134 3065 1152 3128 ὁ
1176 3066 1307 3144 μὰλκτα
1328 3063 1451 3128 attrei-

312 3287 562 3367 γεωγραφικῶν;
592 3283 673 3347 ibid.
696 3306 750 3369 pg.
774 3283 921 3350 69111911.
966 3286 1021 3348 Καὶ
1043 3285 1122 3363 αὐτὴ
1146 3285 1222 3362 δὲὴ
1245 3289 1303 3349 τοῦ
1325 3284 1450 3361 Πατρο-

309 3389 423 3458 κλέου(
452 3391 550 3458 uicus
578 3394 613 3458 ἐκ
639 3395 772 3460 πολλῶν
799 3397 969 3475 μαρτυρεῖν
996 3395 1168 3478 εύγκειται,
1201 3399 1268 3459 τῶν
1296 3393 1451 3473 βααλὲων

308 3507 375 3567 τῶν
398 3504 654 3569 πεπατευκότων
678 3504 765 3590 αὐτῷ
788 3504 977 3584 τηλικαύτην
1002 3505 1120 3587 ἀρχήν,
1142 3508 1209 3569 τῶν
1232 3503 1449 3580 ἐπακολουθη-

310 3613 434 3679 (durum
457 3613 561 3698 αὐτῷ,
583 3619 648 3680 τῶν
671 3613 944 3694 tortuosorum,
967 3615 1013 3678 ὧν
1036 3614 1135 3678 αὐτὸ(
1157 3614 1175 3678 ὁ
1198 3615 1373 3692 Ἵππαρχος
1395 3632 1450 3675 κα-
1547 3623 1548 3644 ¹

308 3723 487 3805 τονομάῑει,
526 3724 556 3789 οἱ
578 3726 639 3803 γὰρ
655 3725 727 3790 κατ’
749 3724 879 3791 ἐκείνων
895 3725 1022 3805 ἔλεγχοι
1038 3726 1154 3793 uterere
1170 3729 1235 3790 τῶν
1250 3722 1315 3788 ὑπὸ
1331 3723 1449 3788 τούτου

309 3834 494 3914 λεγομένων
522 3833 605 3900 eicio.
644 3834 721 3900 οὐδὲ
749 3840 847 3900 τοῦτο
875 3838 910 3900 δὲ
938 3835 1097 3901 ἀπίθανον
1126 3840 1184 3900 τοῦ
1211 3833 1448 3914 Πατροκλέοατ,

308 3942 356 4008 ὅτι
380 3944 456 4025 φηκὶ
477 3945 552 4008 τοὺ(
567 3945 765 4026 Ἀλεξάνδρῷ
788 3947 1072 4024 (υετρατεύτανταε
1094 3944 1311 4024 ἐπιδρομάδην
1326 3943 1448 4020 {croph-

309 4074 357 4117 tou
384 4055 512 4138 ἕκαττα,
541 4053 640 4120 αὐτὸν
670 4057 705 4119 δὲ
730 4055 939 4135 Ἀλέξανδρον
968 4055 1154 4138 ἀκριβῶεαι,
1189 4052 1449 4133 ἀναγραψάντων

308 4164 366 4242 τὴν
389 4163 469 4243 ὅλην
492 4166 601 4246 χώραν
629 4170 695 4232 τῶν
718 4166 958 4246 ἐμπειροτάτων
980 4166 1085 4249 αὐτῷ·
1113 4169 1171 4245 τὴν
1200 4166 1234 4230 δ’
1257 4162 1447 4243 ἀναγραφὴν

308 4273 397 4356 αὐτῷ
420 4275 553 4353 δοθῆναί
576 4296 651 4355 φηα
673 4276 805 4357 ὕετερον
827 4277 892 4341 ὑπὸ
914 4276 1117 4341 Ξενοκλέουτ
1138 4281 1197 4341 τοῦ
1212 4274 1447 4354 γαζοφύλακοτ.

309 4381 347 4445 Iu
383 4381 432 4446 his
465 4405 530 4447 non
564 4395 613 4448 est
646 4407 702 4448 cur
737 4384 907 4449 Strabonis
941 4384 1062 4450 iudicio
1100 4384 1299 4450 diffidamus.
1343 4382 1448 4466 Igitur
