3160 5100
720 371 930 434 -44..

454 545 512 622 τήν
535 544 638 623 μάχην
667 543 748 620 πρόε
777 547 822 625 τῷ
850 547 985 626 ποταμῷ
1011 543 1174 626 Βουμώδῳ
1204 539 1293 615 λέγει
1313 540 1399 604 Πτο-

457 656 586 733 λεμαῑοε
608 655 659 718 καὶ
681 652 929 733 Ἀριετόβουλοε

253 764 323 828 Iam
347 763 450 849 possit
478 763 640 849 quispiam
668 770 783 848 putare
805 761 866 825 hoc
894 760 1051 825 iudicium
1081 783 1122 824 cx
1149 759 1336 826 Ptolemaeo
1369 769 1402 824 et

251 873 442 938 Aristobulo
457 872 500 937 ab
515 873 654 937 Arriano
670 881 757 936 recte
772 873 962 936 aestumatio
986 880 1174 958 ceterosque
1197 871 1304 936 fontes
1326 893 1401 934 auc-

251 985 383 1048 toritate
396 981 625 1070 superantibus
638 990 803 1070 sumptum
817 1004 898 1047 esse.
921 982 1138 1048 Secusautem
1151 1003 1217 1044 rem
1232 1003 1268 1045 se
1279 981 1401 1044 habere

250 1093 450 1159 demonstrat
471 1092 639 1158 Plutarchi
661 1092 751 1182 locus
766 1092 864 1157 Alex.
880 1094 938 1174 31,
961 1092 982 1154 2
1003 1095 1069 1172 Τὴν
1083 1094 1119 1158 δέ
1135 1093 1276 1173 μεγάλην
1291 1092 1397 1172 μάχην

251 1205 333 1284 πρόε
355 1205 500 1282 Δαρεῖον
524 1204 583 1268 οὐκ
606 1205 642 1268 ἐν
664 1205 845 1286 Ἀρβήλοιε,
878 1204 983 1282 ὥεπερ
1007 1203 1039 1268 οἱ
1067 1203 1185 1268 πολλοὶ
1206 1202 1397 1286 γράφουειν,

252 1314 327 1378 ἀλλ’
344 1314 379 1378 έν
397 1314 614 1392 Γαυγαμήλοιε
629 1313 773 1389 γενέεθαι
789 1315 954 1396 ευνέπεεε,
976 1312 1127 1398 idemque
1142 1313 1176 1376 in
1192 1311 1278 1376 hunc
1293 1311 1399 1377 locum

254 1421 341 1486 valet
364 1421 450 1508 quod
473 1422 516 1485 ad
538 1421 788 1509 praecedentem
810 1422 872 1487 No.
896 1423 936 1488 68
959 1422 1124 1488 adnotavi.

200 1543 232 1592 το
292 1532 367 1595 Arr.
390 1532 425 1612 2,
448 1533 483 1612 3,
507 1533 525 1598 7
550 1531 591 1594 de
612 1531 698 1598 nodo
715 1533 839 1597 Gordiu
855 1542 1027 1620 postquam
1043 1533 1194 1619 exposuit
1209 1533 1318 1618 pergit
1332 1533 1394 1597 ita:

95 1641 97 1644 ’
452 1643 663 1721 Ἀλέξανδροε
685 1646 720 1709 δὲ
743 1643 787 1708 ῦιε
810 1643 941 1722 άπόρωε
963 1645 1020 1723 μὲν
1043 1643 1129 1723 εῖχεν
1150 1643 1291 1722 ἐξευρεῖν
1307 1644 1395 1708 λύειν

453 1759 511 1819 τοῦ
534 1759 665 1836 δεεμοῦ,
688 1753 808 1819 ἄλυτον
831 1756 867 1818 δὲ
882 1757 1037 1831 περιιδεῖν
1054 1755 1113 1818 οὐκ
1128 1754 1238 1837 ἤθελε,
1262 1754 1302 1834 μή
1325 1774 1396 1818 τινα

453 1866 504 1929 καὶ
530 1870 627 1930 τοῦτο
656 1864 689 1929 ἐε
711 1865 787 1929 τοὺε
815 1865 959 1930 πολλοῦε
989 1865 1107 1944 κίνηειν
1139 1863 1323 1942 ἑργάεηται,
1359 1862 1396 1926 οί

454 1977 521 2054 μὲν
550 1978 738 2051 λεγουειν
768 1975 817 2040 ὅτι
844 1974 956 2040 παίεαε
985 1980 1031 2059 τῷ
1060 1976 1142 2054 ξίφει
1170 1974 1303 2052 διέκοψε
1337 1975 1395 2039 τὸν

453 2086 569 2162 δεεμὸν
585 2086 635 2149 καὶ
652 2085 796 2150 λελύεθαι
811 2084 884 2165 ἔφη.
921 2084 1225 2165 Ἀριετόβουλοε
1247 2085 1288 2148 δέ
1311 2083 1395 2158 λέγει

454 2195 605 2262 ἐξελόντα
619 2195 676 2259 τόν
700 2194 814 2272 έετορα
836 2198 893 2258 τοῦ
917 2193 1037 2277 ῥυμοῦ,
1059 2195 1096 2259 ὃε
1117 2195 1157 2272 ἦν
1179 2195 1276 2258 τύλοε
1291 2199 1392 2272 διαβε-

455 2304 609 2385 βλημένοε
632 2306 684 2369 διά
707 2307 765 2368 τοῦ
788 2303 891 2385 ῥυμοῦ
915 2303 1066 2386 διαμπάξ,
1089 2304 1233 2384 ξυνέχων
1261 2305 1320 2368 τὸν
1344 2307 1394 2367 δε-

454 2415 547 2498 εμόν,
570 2415 729 2482 ἐξελιαίεαι
745 2414 805 2480 ἔξω
820 2419 877 2480 τοῦ
900 2413 1002 2495 ῥυμοῦ
1024 2415 1082 2480 τὸν
1106 2414 1211 2492 ζυγόν.
1250 2412 1394 2493 Quibus-

455 2545 528 2587 cum
551 2524 699 2588 conferas
781 2595 787 2606 x

293 2631 379 2697 Plut.
395 2632 493 2697 Alex.
512 2633 568 2714 18,
584 2634 604 2697 2
620 2635 659 2700 Οἱ
674 2636 744 2715 μὲν
760 2635 908 2700 πολλοί
923 2654 1031 2717 φαει,
1047 2641 1114 2699 τιῖιν
1131 2639 1254 2713 δεεμιῦν
1268 2637 1392 2715 τυφλάε

456 2745 599 2823 ἑχόντων
621 2746 678 2808 τὰε
701 2745 802 2824 άρχάε
824 2747 876 2809 καί
903 2745 948 2809 δι’
976 2745 1127 2822 ἀλλήλων
1149 2746 1304 2810 πολλάκι(
1326 2766 1395 2810 cuo-

456 2858 537 2920 λιοῖε
554 2837 693 2934 ἑλιγμοῖε
711 2855 989 2937 ὑποφερομένων,
1010 2856 1068 2920 τόν
1089 2855 1303 2933 Ἀλέξανδρον
1320 2855 1396 2934 ἀμη-

455 2967 619 3043 χανοῦντα
652 2969 741 3031 λῦεαι
768 2969 927 3045 διατεμεῖν
955 2971 992 3047 τῇ
1022 2967 1158 3049 μαχαίρᾳ
1184 2967 1222 3030 τὸ
1253 2966 1396 3045 ειίναμμα

455 3076 506 3138 καὶ
538 3075 663 3140 πολλάε
701 3075 734 3142 έξ
776 3075 877 3140 αὐτοῦ
915 3075 1073 3140 κοπέντοε
1108 3076 1208 3154 άρχάε
1240 3078 1393 3156 φανῆναι,

455 3185 681 3266 Ἁριετόβου
693 3187 761 3250 λοε
783 3186 824 3250 δὲ
839 3186 890 3248 καὶ
905 3185 990 3250 πάνυ
1007 3186 1091 3261 λέγει
1107 3185 1220 3269 ῥᾳδίαν
1236 3185 1323 3270 αὐτῷ
1338 3187 1397 3263 τὴν

455 3294 543 3358 λύειν
555 3295 708 3376 γενέεθαι,
728 3295 868 3372 ἐξελόντι
883 3298 941 3359 τοῦ
959 3295 1059 3375 ῥυμοῦ
1075 3296 1133 3360 τὸν
1150 3295 1265 3373 έετορα
1280 3295 1396 3360 καλοῦ-

456 3423 570 3484 μενον,
593 3406 619 3486 ᾧ
636 3405 797 3482 ευνείχετο
812 3404 849 3468 τό
865 3405 1075 3488 Ζυγόδεεμον,
1098 3403 1162 3470 εἷθ’
1178 3403 1282 3470 οὕτωε
1298 3406 1397 3486 ῦφελ-

454 3513 581 3578 κύεαντι
603 3513 661 3578 τὸν
684 3515 790 3590 Ζυγόν.
1006 3493 1016 3512 ’

251 3623 360 3703 Patet,
384 3631 556 3708 utrumque
579 3623 768 3709 scriptorem
791 3645 833 3688 ex
855 3623 1018 3688 communi
1040 3623 1130 3689 fonte
1158 3623 1239 3688 haee
1253 3647 1397 3711 promp-
1421 3623 1424 3630 '

251 3733 341 3795 sisse.
378 3732 525 3818 Tamque
552 3742 622 3797 arte
643 3733 727 3799 inter
749 3757 783 3797 se
812 3735 1000 3820 conspirant
1029 3735 1200 3820 utriusque
1229 3736 1397 3822 scriptoris

249 3840 365 3922 verba,
388 3849 425 3905 ut
447 3864 520 3906 cum
542 3845 730 3908 curatione
753 3867 850 3932 supra
871 3846 939 3908 iam
959 3844 1143 3928 significata
1165 3853 1307 3909 statuere
1324 3867 1390 3909 non

249 3949 359 4031 liceat,
382 3950 550 4016 Plutarchi
565 3952 684 4016 librum
699 3953 741 4016 ab
756 3956 897 4020 Arriano
911 3963 1102 4042 usurpatum
1118 3977 1205 4038 esse,
1222 3963 1291 4019 tota
1306 3957 1387 4019 hace

253 4081 335 4146 quae
357 4070 389 4125 et
412 4083 453 4124 ex
474 4060 665 4126 Aristobulo
688 4071 721 4126 et
743 4084 784 4126 ex
805 4063 879 4127 aliis
902 4063 967 4129 alia
988 4063 1206 4128 referentibus
1230 4066 1396 4151 scriptori-

251 4169 313 4233 bus
337 4181 491 4258 excerpta
513 4181 562 4236 est
590 4172 731 4236 narratio
761 4175 922 4237 communi
952 4176 1076 4239 auctori
1100 4175 1213 4239 deberi
1236 4173 1398 4239 censenda

209 4264 211 4270 ’
253 4281 306 4342 sit.
344 4277 411 4358 Qui
432 4292 543 4347 auctor
566 4280 776 4347 Aristobulus
799 4284 870 4369 ipse
894 4305 965 4347 esse
985 4285 1116 4370 nequit:

203 4395 233 4443 ⁷1
295 4389 370 4452 Arr.
386 4389 423 4473 2,
439 4391 474 4474 4,
492 4393 509 4456 7
532 4393 741 4469 Ἀλέξανδροε
755 4393 791 4458 δὲ
806 4393 852 4457 ὡε
866 4395 924 4473 μὲν
938 4395 1224 4480 Ἀριετοβούλιμ
1241 4397 1394 4478 λέλεκται,
