3160 5100
665 355 872 418 ..10..

398 527 539 592 τοπέδου
568 527 624 592 cdv
652 531 690 609 τῇ
719 523 819 590 αὑτοῦ
841 525 925 594 τάξει
953 527 1003 591 καὶ
1029 530 1088 591 τοῦ
1111 527 1250 606 χάρακοε
1272 532 1337 594 τῶν

398 636 562 715 πολεμίων
585 637 625 701 οὐ
648 638 732 701 πολὺ
754 637 956 719 ἀφεετηκώε,
986 636 1026 702 οὐ
1048 637 1240 717 προεμεὶναε
1262 639 1338 715 παρ’

399 747 611 826 Ἀλεξάνδρου
626 748 663 812 τὸ
680 746 713 812 ἐε
728 748 786 825 τὴν
807 747 910 828 μάχην
931 747 1073 826 ξύνθημα
1094 747 1191 812 αὐτὸ(
1207 753 1336 827 πρῶτοι

398 858 564 937 προεέμιξε
591 862 636 939 τῷ
659 856 772 936 χάρακι
795 857 846 920 καὶ
868 855 1038 921 διαεπάεαι
1060 855 1160 922 αὐτὸν
1183 858 1336 938 ἐνέβαλεν

397 967 430 1032 ἑε
452 974 517 1032 τῶν
541 966 690 1047 Θηβαίων
712 969 771 1045 τὴν
793 966 1016 1046 προφυλακήν.

194 1073 356 1161 Impetum
378 1074 469 1138 illum
483 1076 690 1140 temerarium
712 1098 732 1139 a
746 1074 904 1140 Perdicca
925 1082 1039 1140 contra
1060 1075 1191 1140 Thebas
1213 1076 1337 1144 factum

192 1207 212 1248 a
227 1184 411 1250 Ptolemaeo
433 1187 560 1250 narrari
582 1207 676 1250 nemo
700 1185 872 1250 mirabitur
884 1187 1074 1271 'quicunque
1089 1186 1333 1251 inimicitiarum

193 1304 267 1381 post
288 1294 471 1359 Alexandri
493 1304 629 1360 mortem
651 1297 736 1361 inter
750 1295 972 1360 Ptolemaeum
987 1305 1019 1358 et
1034 1296 1227 1360 Perdiccam
1243 1318 1334 1361 exor-

192 1414 310 1487 tarum,
333 1414 529 1492 quapropter
544 1405 597 1470 hic
619 1406 654 1470 in
668 1407 822 1492 Aegypto
838 1405 1023 1470 Ptolemaeo
1046 1406 1123 1471 dum
1146 1405 1267 1471 bellum
1285 1409 1333 1472 in·

194 1514 274 1597 lert,
297 1536 317 1578 a
339 1514 498 1580 militibus
520 1516 712 1581 interfectus
736 1525 801 1598 est,
831 1517 1033 1600 meminerit,
1063 1537 1255 1604 quamquam
1278 1541 1336 1604 per

193 1632 298 1689 totum
320 1626 452 1690 Arriani
480 1649 561 1713 opus
589 1625 681 1690 aliud
709 1628 887 1711 vestigium
908 1626 1036 1691 illarum
1059 1626 1236 1692 Ptolemaei
1259 1629 1335 1692 Per-

194 1734 368 1821 diccaeque
391 1738 572 1802 remotioris
593 1738 748 1824 temporis
763 1737 1007 1802 inimicitiarum
1022 1736 1145 1802 frustra
1161 1736 1334 1824 quaeritur.

144 1863 176 1912 al
235 1847 372 1929 Arr.2,
398 1848 452 1929 11,
482 1848 511 1911 8.
549 1846 633 1912 Ptol.
662 1847 702 1910 fr.
730 1846 761 1912 5.
804 1846 990 1934 Descriptio
1024 1870 1153 1934 pugnae
1182 1849 1334 1914 Issensis.

396 1957 588 2038 ἀποθνήεκει
611 1960 645 2023 δὲ
668 1959 719 2022 καὶ
734 1959 874 2041 (αβάκηε
893 1966 969 2022 cett.
1003 1961 1041 2024 τὸ
1064 1961 1099 2024 δὲ
1115 1959 1196 2024 ἄλλο
1212 1964 1335 2039 πλῆθος

396 2069 442 2134 εἰε
470 2070 546 2134 δέκα
573 2069 703 2148 μάλιετα
730 2069 883 2150 μυριάδα(
889 2119 898 2152 ,
927 2069 1034 2135 καὶέν
1067 2069 1194 2134 τούτοιε
1227 2070 1334 2136 ἱππεῖε

396 2179 477 2258 ὑπὲρ
500 2179 577 2244 τοὺς
598 2180 739 2262 μυρίονε,
763 2178 842 2244 dicre
865 2179 950 2255 λέγει
965 2181 1166 2258 Πτολεμαῖος
1181 2180 1200 2244 ὁ
1215 2178 1333 2263 Λάγου,

396 2289 665 2367 ξυνεπιεπόμενοι
691 2281 777 2354 τότε
792 2288 990 2372 Ἀλεξάνδρῳ
996 2338 1006 2372 ,
1034 2290 1109 2355 τοὺς
1137 2291 1214 2369 μετὰ
1243 2296 1335 2370 (φῶν

396 2400 571 2465 διώκονται
586 2401 738 2482 Λαρεῑον,
762 2399 807 2464 ιδ(
826 2399 878 2463 ἐπὶ
892 2398 1035 2479 φάραγγί
1049 2420 1109 2464 τινι
1125 2400 1161 2465 έν
1176 2407 1214 2484 τῇ
1231 2402 1334 2468 διώξει

396 2510 566 2591 ἐγένοντο,
600 2509 651 2574 ἐπὶ
678 2514 744 2574 τῶν
771 2515 895 2588 νεκρῶν
924 2513 1069 2590 διαβῆναι
1092 2512 1151 2589 τὴν
1173 2511 1333 2591 φάραγγα.

396 2619 438 2684 cf.
467 2619 553 2683 Plut.
581 2617 623 2681 de
649 2616 748 2682 Alex.
776 2617 852 2682 fort.
876 2618 911 2700 2,
942 2617 961 2682 9
983 2619 1054 2682 init.
1079 2618 1208 2703 (Moral.
1239 2621 1255 2682 1
1278 2641 1332 2705 pg.

395 2730 467 2809 417,
490 2729 532 2792 22
553 2729 679 2813 Dubn.)
702 2729 808 2809 αἵματι
828 2729 1042 2809 κεκραμένου(
1064 2731 1229 2810 ποταμοὺε
1252 2730 1331 2808 έπιε,

395 2841 445 2904 καὶ
466 2845 593 2920 νεκροῑε
614 2839 902 2920 γεγεφυρωμένουε
923 2839 1018 2919 διέβη.

142 2965 175 3013 ao
333 2950 369 3031 3,
396 2950 450 3032 17,
474 2950 504 3014 6.
540 2948 624 3014 Ptol.
653 2947 693 3012 lr.
717 2948 748 3012 9.
784 2946 866 3012 Uxii
894 2957 1096 3034 superantur.
1132 2952 1333 3031 Πτολεμαῖοι

395 3063 430 3125 δὲ
453 3061 472 3126 ὁ
488 3061 596 3136 Λάγου
618 3060 703 3136 λέγει
717 3061 776 3140 τὴν
790 3058 933 3149 Δαρείου
949 3059 1067 3139 μητέρα
1082 3065 1231 3140 δεηθῆναι
1253 3061 1333 3140 ὑπὲρ

394 3172 501 3238 αὐτῶν
523 3171 735 3251 Ἀλεξάνδρου
757 3170 870 3235 δοῦναί
897 3189 979 3250 cpio
1007 3172 1065 3248 τὴν
1088 3170 1198 3249 χώραν
1226 3171 1332 3237 οἰκεῖν,

141 3288 174 3335 26
332 3281 369 3363 3,
391 3281 433 3344 26
441 3329 450 3361 ,
476 3282 504 3344 1.
534 3276 618 3344 Ptol.
643 3279 683 3343 fr.
710 3280 757 3343 10.
788 3277 936 3343 Philotae
957 3278 1179 3343 Parmenionis
1202 3277 1262 3344 filii
1284 3281 1331 3343 in-

394 3389 499 3454 sidiae
515 3389 698 3454 Alexandri
720 3391 809 3453 vitae
832 3396 974 3452 structae
996 3387 1203 3472 deteguntur.
1247 3392 1332 3456 Πτο-

394 3503 525 3579 λεμαῖοι
561 3502 596 3565 δέ
632 3500 651 3564 δ
688 3501 795 3576 Λάγου
831 3499 917 3574 λέγει
953 3499 1134 3579 εἰιαχθῆναι
1163 3501 1197 3566 ἐ(
1227 3501 1331 3565 Μακε-

394 3611 492 3678 δόνα(
507 3611 664 3677 Φιλώταν.
702 3610 792 3694 Ergo
814 3617 882 3673 tota
903 3610 1047 3674 narratio
1070 3609 1111 3672 de
1126 3609 1256 3675 Philota
1271 3612 1330 3674 cri-

393 3722 491 3785 minis
513 3720 678 3801 convicto,
708 3720 749 3784 de
772 3718 930 3806 supplicio
953 3741 1016 3805 quo
1037 3719 1173 3784 affectus
1197 3727 1261 3801 est,
1291 3718 1332 3782 de

393 3840 486 3917 patre
509 3829 649 3916 denique
671 3831 885 3895 Parmenione
907 3827 1089 3893 Alexandri
1116 3830 1207 3894 iussu
1229 3851 1332 3915 aeque

393 3939 565 4006 interfecto
573 3941 808 4026 quaeoratione
816 3939 976 4005 indirecta
983 3961 1085 4024 usque
1096 3938 1138 4003 ad
1150 3949 1331 4006 extromum

394 4060 491 4138 caput
505 4051 546 4115 26
569 4051 777 4116 continuatur
799 4073 816 4114 e
831 4051 1015 4117 Ptolemaeo
1038 4049 1170 4114 videtur
1185 4049 1330 4115 fluxisse.

141 4199 173 4248 27
331 4163 367 4244 4,
389 4162 448 4244 25,
475 4163 506 4226 4.
542 4160 626 4226 Ptol.
655 4161 695 4225 fr.
721 4162 770 4229 15.
807 4163 941 4247 Pugnae
971 4184 1045 4228 cum
1072 4160 1330 4246 Arigaeensibus

393 4272 591 4359 reliquisque
629 4273 777 4340 barbaris
816 4274 1007 4337 commissae
1045 4271 1233 4358 descriptio.
1281 4273 1332 4337 καὶ

393 4385 477 4459 λέγει
492 4387 693 4466 Πτολεμαῖοι
708 4384 901 4464 ἀνθρώπου(
917 4386 974 4463 μέν
989 4386 1148 4465 ληφθῆναι
1163 4383 1238 4448 τοὺε
1251 4382 1331 4448 πάν-
