3160 5100
737 368 946 430 ..48„

286 537 323 620 3,
346 537 384 619 2,
410 539 425 600 1
454 536 586 614 Λέγεται
618 537 654 601 δέ
686 557 733 601 τις
766 538 816 601 καὶ

344 649 469 712 τοιόςδε
494 648 592 723 λόγος

341 759 378 839 2,
402 757 422 820 6
445 759 686 839 Ἀριςτόβουλος
708 759 817 822 δὲκαὶ

342 868 361 933 ὁ
383 869 506 934 πλείων
530 870 627 945 λόγος

344 979 399 1060 10,
430 979 446 1040 1
475 960 731 1059 Παρμενίωνα
764 978 815 1042 λε-

341 1109 451 1165 γουςιν
475 1087 524 1152 ὅτι

285 1199 323 1280 4,
347 1197 385 1280 9,
408 1198 428 1260 2
450 1199 502 1263 καὶ
524 1198 669 1275 λέγουςιν
686 1199 762 1263 εἰςὶν
784 1199 817 1262 οἳ

342 1309 362 1371 9
369 1309 419 1388 ,7
449 1307 504 1373 εἰςὶ
532 1310 568 1372 δὲ
604 1309 636 1372 οἳ
668 1308 815 1385 λέγουςιν

342 1419 539 1497 Ἀνάξαρχον

344 1528 399 1610 12,
422 1527 443 1590 2
465 1527 703 1608 ἀναγέγραπται
726 1530 762 1593 δέ
776 1530 816 1607 δὴ

341 1641 392 1704 καὶ
414 1638 540 1704 τοιόςδε
562 1639 661 1717 λόγος

344 1749 400 1832 14,
426 1751 454 1811 1.
475 1747 497 1822 2
520 1747 551 1814 οἱ
573 1749 609 1814 δὲ
636 1750 756 1814 πολλοὶ
777 1748 816 1813 οὐ

341 1859 440 1942 ταύτῃ
462 1858 625 1942 λέγουςιν,
704 1858 765 1938 ἤδη
780 1858 816 1923 δέ

342 1990 427 2036 τινες

342 2079 401 2161 20,
427 2080 443 2142 1
467 2079 566 2157 λόγος
588 2080 710 2159 κατέχει

287 2190 324 2272 5,
346 2189 382 2270 2,
405 2189 425 2253 3
448 2190 574 2266 λέγεται

287 2300 322 2382 6,
349 2301 405 2380 11,
439 2300 458 2363 7
492 2301 543 2364 καὶ
576 2299 607 2364 οἱ
639 2301 697 2381 μὲν
730 2300 815 2382 ξύλῳ

342 2410 506 2490 πληγέντα
529 2417 605 2474 cett.

341 2520 383 2584 26
390 2567 399 2602 ,
424 2521 441 2582 1
473 2519 640 2604 egregium
666 2526 817 2582 narratur

344 2629 472 2695 facinus
523 2627 708 2693 Alexandri
760 2627 816 2713 qui

343 2761 462 2825 aquam
477 2761 585 2804 coram
601 2739 749 2804 exercitu
763 2759 815 2800 ae-

344 2871 406 2935 que
421 2847 651 2934 languescente
667 2846 753 2913 solus
767 2847 815 2911 bi-

343 2960 421 3023 bere
453 2959 566 3024 nolens
595 2958 711 3023 effudit
739 2959 817 3026 ἔνθα

345 3069 430 3154 (seit.
460 3072 494 3134 iu
517 3069 739 3135 Gedrosorum
761 3067 816 3131 de-

344 3179 443 3265 serto)
468 3183 506 3262 δὴ
529 3181 626 3262 ἔργον
654 3181 754 3246 καλόν
779 3216 814 3226 -

909 536 967 618 αα,
991 536 1021 600 3.
1044 535 1076 597 4.

909 755 968 838 ατ,
991 755 1022 818 ν.

909 976 967 1057 31,
990 976 1022 1039 4.
1044 976 1075 1040 5.

909 1196 967 1278 51,
990 1195 1012 1259 4
1035 1204 1119 1261 extr.

909 1305 967 1386 52,
989 1306 1020 1371 2.

909 1525 969 1609 54,
1004 1527 1025 1590 2
1062 1548 1104 1590 ex
1139 1526 1280 1592 Charete
1315 1538 1431 1592 narrat

954 1637 1040 1702 Plut.

909 1967 961 2033 55.

910 2077 966 2152 30,
991 2078 1008 2139 1
1025 2098 1096 2164 sqq.

908 2187 968 2269 58,
990 2187 1011 2252 5
1033 2195 1116 2251 extr.

909 2296 967 2378 63,
995 2297 1016 2360 4
1041 2335 1077 2346 -
1101 2299 1196 2365 τέλος
1229 2301 1265 2364 δὲ
1295 2301 1427 2379 πληγεὶς

952 2407 1062 2492 ὑπέρῳ
1085 2416 1161 2472 cett.

910 2517 970 2598 42,
993 2518 1015 2581 4
1029 2516 1224 2583 Plutarchus
1240 2519 1301 2584 hoe
1316 2528 1428 2583 narrat

952 2627 993 2690 ab
1008 2627 1198 2694 Alexandro
1213 2629 1337 2694 factum
1351 2609 1428 2695 curn

953 2737 1088 2802 Bessum
1096 2738 1428 2826 persequeretur.Ad-

953 2847 1128 2935 stipulatur
1165 2849 1266 2934 igitur
1299 2848 1428 2914 Plutar-

954 2956 1032 3022 chus
1056 2960 1087 3022 ei
1109 2961 1305 3042 narrationi,
1328 2981 1428 3046 quarn

954 3090 996 3131 ex
1010 3069 1143 3134 Arriani
1165 3069 1351 3134 testimonio
1374 3091 1429 3152 με-

953 3181 1110 3258 τεξέτεροι
1132 3179 1332 3260 ἀνέγραψαν.
1402 3261 1407 3270 ,

345 3291 403 3355 οὐκ
425 3291 516 3357 ἔδοξέ
539 3312 592 3372 μοι
614 3291 775 3373 ἀφανίςαι,
797 3291 817 3368 ἢ
911 3325 917 3338 ⁷

344 3403 380 3466 ἐν
401 3405 476 3480 τῇδε
498 3407 536 3484 τῇ
559 3402 649 3484 χώρᾳ
664 3401 818 3480 πραχθέν,

344 3512 363 3589 ἢ
385 3509 432 3574 ἔτι
454 3510 633 3590 ἔμπροςθεν
656 3510 691 3576 ἐν
707 3510 817 3588 Παρα-

343 3621 542 3703 παμιςὰδαις,
562 3621 607 3686 ὡς
622 3620 816 3702 μετεξέτεροι

344 3729 543 3812 ἀνέγραψαν.

343 3838 401 3920 28,
437 3841 453 3903 l
487 3840 548 3920 ἤδη
584 3842 620 3907 δέ
651 3861 735 3908 τινες
767 3843 818 3906 καὶ

342 3950 452 4015 τοιάδε
467 3949 668 4035 ἀνέγραψαν,
676 3952 716 4016 οὐ
724 3953 818 4018 πιςτὰ

335 4060 415 4140 -έμοὶ
427 4060 585 4136 λέγοντες.
600 4060 818 4126 2οκ1τ.ταῦτα

343 4171 379 4234 δὲ
392 4169 817 4254 οὔτεΠτολεμαῑοςόΛόγου

346 4279 419 4344 οὔτε
442 4281 683 4364 Ἀριςτόβοιρλος
705 4281 817 4360 ὁᾺρι-

345 4390 521 4472 ςτοβοόλον
538 4390 737 4477 ἀνέγραψαν,
762 4393 816 4456 οὐ-
