3160 5100
654 409 860 504 755-

183 605 220 648 eo
243 582 335 649 fonte
357 581 555 668 descriptam
579 604 665 665 esse,
694 603 757 668 quc
781 582 878 646 etiam
902 581 1063 646 Arrianus
1085 606 1163 648 usus
1185 584 1244 664 sit,
1274 583 1330 648 illa

183 694 257 780 ipsa
279 702 449 760 auctorum
472 693 673 759 enumeratio
696 695 879 758 accuratius
903 694 1122 760 examinanda
1144 705 1194 760 est
1217 704 1253 760 ut
1275 718 1329 782 ap·
1397 735 1399 742 ·

183 813 381 892 pereatque
404 815 550 893 tempore
572 803 662 870 facta
683 827 756 870 esse
778 805 940 870 videatur.

269 913 436 980 Plutarchi
464 913 518 980 ille
545 913 637 981 locus
667 913 778 1000 (Alex.
806 915 864 997 46,
896 917 928 1001 1)
958 914 999 980 de
1026 917 1251 982 Amazonibus
1281 926 1331 982 est
1358 993 1361 1004 Ι

186 1049 259 1092 cum
281 1026 474 1092 Alexandro
496 1025 779 1092 convenientibus.
818 1026 916 1108 Quod
941 1027 1067 1092 factum
1089 1049 1161 1107 esse
1190 1049 1232 1092 ex
1254 1026 1330 1090 Plu·

184 1136 288 1202 tarchi
315 1137 503 1203 testimonio
531 1136 768 1202 contenderunt
794 1136 979 1202 Clitarchus
1009 1133 1189 1223 Polyclitus
1217 1137 1329 1203 Onesi-

184 1250 284 1314 critus
307 1248 489 1332 Antigenes
512 1247 615 1330 ister,
638 1256 841 1333 negauerunt
862 1246 964 1313 multo
987 1247 1097 1334 plures
1119 1247 1330 1314 Aristobulus

164 1433 166 1439 k
185 1359 310 1424 Chares
334 1359 353 1424 ὁ
376 1359 589 1442 εἰεαγγελεύε,
612 1357 832 1439 Ptolemaeus,
860 1357 1062 1441 Anticlides,
1085 1357 1179 1424 Philo
1203 1359 1329 1424 Theba-

185 1492 261 1550 nus,
284 1469 456 1556 Philippus
474 1466 748 1552 Theangelensis,
771 1469 956 1533 Hecataeus
973 1469 1188 1552 Eretriensis,
1210 1466 1329 1555 Philip-

186 1603 247 1666 pus
270 1578 510 1660 Chalcidensis,
533 1579 635 1644 Duris
658 1580 797 1645 Samius.
1049 1565 1052 1571 ⁵

271 1688 455 1790 Clitarchus
484 1689 526 1774 (C
541 1689 679 1754 Mueller
701 1689 722 1755 l.
746 1713 775 1756 c.
791 1712 843 1776 pg.
862 1691 903 1755 74
923 1712 994 1776 sqq.
1009 1689 1198 1756 ASchaefer
1222 1689 1329 1755 fontes

186 1801 262 1866 hist.
278 1823 327 1886 gr.
344 1801 400 1884 64)
424 1798 607 1865 Alexandri
629 1800 774 1887 aequalis
798 1800 855 1865 sed
879 1800 988 1887 paullo
1010 1801 1117 1865 iunior
1138 1800 1211 1865 fuit.
1248 1802 1330 1866 One·

188 1911 317 1976 sicritus
347 1907 574 1976 Alexandrum
601 1920 709 1978 aetate
737 1934 909 1997 superasse
937 1910 1080 1994 videtur3
1109 1911 1331 1976 Ptolemaeum

187 2031 220 2087 ct
242 2019 579 2093 Aristobulumcirca
601 2043 701 2087 annos
723 2021 786 2086 290
809 2029 841 2086 et
855 2021 919 2102 280
941 2022 1111 2106 scripsisse
1131 2019 1330 2087 demonstra·

186 2133 303 2196 vimus.
341 2131 514 2196 Charetem
537 2130 721 2196 Alexandri
743 2130 913 2216 aequalem
934 2131 1038 2221 t'uisse
1067 2129 1238 2218 probabile
1266 2139 1330 2213 est3

187 2241 389 2306 Hecataeum
412 2241 635 2306 Eretriensem
659 2241 839 2306 CMueller
861 2243 882 2306 l.
900 2265 927 2307 c.
946 2243 988 2306 49
1009 2239 1199 2307 Alexandro
1224 2249 1331 2306 aetate

187 2373 360 2438 supparem
389 2350 490 2416 fuisse
519 2353 629 2417 evicit.
672 2351 869 2438 Polyclitum
898 2355 967 2418 sive
993 2361 1029 2416 ut
1046 2351 1223 2418 'Plutarchi
1255 2349 1331 2415 libri

185 2463 207 2527 l.
223 2485 252 2528 c.
275 2461 433 2526 exhibent
455 2459 653 2548 Polycritam
676 2462 765 2526 haud
786 2460 1047 2548 improbabiliter
1063 2463 1089 2526 C
1106 2460 1243 2526 Mueller
1264 2461 1285 2524 l.
1303 2485 1331 2524 c.

186 2595 241 2660 pg.
265 2573 326 2636 129
349 2573 533 2658 suspicatus
557 2579 607 2636 est
627 2570 811 2636 Alexandri
840 2582 947 2638 aetate
977 2572 1103 2636 vixisse
1130 2571 1217 2658 quod
1244 2570 1332 2636 idem

187 2683 288 2748 statui
308 2680 385 2747 licet
406 2679 446 2747 de
467 2682 632 2767 Antigene
655 2683 697 2768 (C
712 2681 850 2746 Mueller
870 2682 890 2746 l.
912 2704 940 2746 c.
961 2704 992 2767 p.
1018 2681 1107 2768 1503
1132 2680 1331 2747 Philo-The·

186 2793 310 2874 banus,
332 2790 476 2878 Philippi
498 2791 755 2878 Theangelensis
782 2802 815 2857 et
837 2790 1063 2858 Chalcidensis
1092 2816 1156 2878 quo
1185 2801 1329 2877 tempore

186 2902 331 2968 vixerint
350 2923 416 2966 non
431 2903 542 2989 liquet.
579 2901 630 2966 Ne
645 2903 684 2968 dc
700 2897 866 2968 Anticlide
881 2897 1015 2988 quidem
1030 2902 1225 2969 Atheniensi
1239 2901 1331 2988 quid-

187 3034 284 3099 quam
318 3010 473 3077 traditum
508 3021 573 3093 est,
604 2991 789 3096 iragmenta
821 3023 931 3078 autem
958 3035 1042 3100 quae
1070 3035 1113 3077 ex
1141 3035 1239 3099 opere
1261 3012 1331 3076 eius

187 3131 363 3209 supersunt
384 3121 426 3206 (C
441 3120 580 3186 Mueller
601 3121 623 3187 l.
646 3145 674 3188 e.
696 3145 750 3208 pg.
776 3123 868 3208 146),
896 3124 1003 3188 virum
1032 3121 1332 3192 Alexandrinorum

186 3233 337 3299 doctrina
358 3232 520 3297 imbutum
542 3240 575 3297 et
596 3233 654 3318 qui
675 3255 740 3298 non
763 3241 837 3297 ante
858 3231 1093 3299 Callimachum
1115 3234 1237 3299 vixerit
1258 3255 1331 3318 pro·

187 3343 264 3409 dere
292 3343 455 3409 videntur.
498 3342 680 3430 Supersunt
706 3343 809 3408 Duris
832 3343 961 3408 Samius
991 3352 1024 3408 et
1046 3344 1133 3410 Ister
1160 3343 1216 3429 qui
1246 3344 1332 3409 cirea

187 3475 307 3519 annum
336 3453 400 3518 240
426 3453 575 3519 floruisse
607 3453 830 3538 perhibentur.
874 3453 1028 3519 Omnium
1067 3453 1170 3539 igitur
1202 3453 1331 3519 illorum

187 3565 381 3650 scriptorum
413 3573 574 3651 quotquot
608 3563 802 3630 Plutarchus
832 3562 903 3630 loco
937 3587 1037 3651 supra
1070 3564 1170 3628 citato
1211 3560 1331 3644 attulit,

187 3682 345 3758 quatenus
369 3673 409 3738 de
431 3675 478 3738 eis
500 3683 701 3760 compertum
723 3675 896 3757 habemus,
919 3665 1027 3738 nullus
1043 3695 1127 3738 anno
1143 3673 1207 3738 240
1221 3695 1331 3738 recen·

186 3785 250 3849 tior
277 3792 337 3849 est.
376 3783 490 3869 Neque
520 3783 692 3869 probabile
720 3793 784 3862 est,
813 3782 1023 3849 Plutarchum
1046 3785 1153 3870 ipsum
1176 3785 1210 3847 in
1232 3783 1331 3869 scrip-

187 3902 292 3957 torum
315 3893 445 3959 delectu
468 3895 538 3960 sive
554 3917 632 3960 casu
648 3894 718 3960 sive
734 3888 869 3960 consilio
892 3894 1000 3959 nescio
1017 3916 1080 3980 quo
1097 3916 1132 3958 se
1147 3893 1233 3958 intra
1248 3893 1332 3957 hanc

186 4011 326 4067 aetatem
348 4004 564 4087 continuisse,
589 4005 647 4070 sed
668 4003 729 4070 hoc
752 4025 880 4091 quoque
902 4004 986 4069 fonti
1008 4027 1049 4069 ex
1072 4025 1136 4090 quo
1150 4005 1261 4068 hausit
1276 4003 1332 4068 tri·

188 4112 353 4178 buendum
376 4136 458 4178 esse.
496 4113 590 4180 Idem
612 4116 641 4179 si
663 4114 742 4202 quid
764 4114 861 4180 video
884 4113 1101 4179 statuendumx
1118 4125 1167 4180 cst
1196 4111 1235 4178 de
1258 4113 1330 4177 reli-

92 4245 95 4251 *
186 4223 259 4309 quis
281 4221 447 4309 plerisque
469 4225 681 4312 scriptoribus
705 4224 824 4310 quibus
840 4225 1000 4289 Arrianus
1023 4233 1056 4288 et
1071 4223 1265 4290 Plutarchus
1281 4225 1332 4289 usi

187 4341 273 4398 sunt.
298 4333 654 4420 QuapropterNearchi
661 4332 884 4432 Megasthenis
893 4334 1120 4400 Eratosthenis
1134 4335 1331 4400 mentionem

186 4442 293 4510 eidem
309 4441 394 4510 fonti
404 4444 524 4526 tribuo,
540 4445 626 4510 unde
641 4447 679 4511 fit
690 4455 952 4526 consentaneum,
968 4445 1071 4511 fontis
1088 4443 1176 4510 illius
1189 4454 1329 4531 tempus,
