3160 5100
634 375 845 438 „31-

165 542 561 630 Alexandrumipsnm
572 544 764 629 reperimus.
791 544 875 606 Nam
889 545 917 624 1,
932 543 982 626 10,
994 543 1031 627 43
1044 542 1075 626 2,
1087 541 1178 626 25‚3;
1190 543 1221 624 6,
1238 543 1266 626 1,
1279 544 1315 624 43

167 655 197 735 l,
214 653 266 735 23,
284 656 301 718 'l
318 652 502 718 Alexandri
518 651 730 740 epistularum
744 655 943 717 mentionem
959 651 1049 736 facit,
1066 675 1165 716 unam
1179 653 1211 734 2,
1229 654 1279 734 14,
1295 653 1317 717 4

166 762 359 826 verbotinus
375 763 560 849 descripsit.
591 763 676 828 Sane
687 761 811 846 ambigi
826 772 933 848 potest
947 785 1026 827 num
1038 761 1185 828 consulto
1200 763 1315 828 harum

167 871 380 960 epistularum
402 895 496 937 usum
519 882 586 936 tam
600 874 680 937 artis
704 872 823 937 linibus
839 873 1130 960 circumscripserit
1144 872 1314 939 Arrianus

167 983 241 1048 Hoc
263 982 395 1068 quidem
418 982 564 1047 dubitari
586 983 699 1068 nequit
721 983 800 1068 quin
807 1032 816 1066 ,
840 983 867 1046 si
891 983 1005 1047 utendi
1021 985 1051 1047 ei
1066 984 1185 1049 fuisset
1199 982 1314 1047 volun-

166 1103 233 1175 tas,
256 1091 395 1167 facultas
419 1114 484 1157 non
507 1092 683 1176 defuisset,
712 1115 787 1158 cnm
808 1093 873 1156 iam
896 1092 1071 1158 Plutarcho
1093 1101 1198 1158 totum
1220 1094 1316 1181 quasi
1408 1179 1413 1188 ,

168 1225 284 1289 corpus
308 1202 520 1289 epistularum
535 1201 719 1267 Alexandri
741 1211 931 1290 suppeteret
952 1223 1031 1288 quas
1052 1204 1228 1268 maximam
1243 1225 1315 1291 par-

166 1323 233 1376 tem
257 1311 451 1377 subditicias
474 1312 577 1377 fuisse
599 1334 694 1377 nemo
716 1313 861 1398 negabit.
900 1313 966 1378 Sed
993 1311 1155 1378 delectum
1177 1314 1220 1378 ab
1242 1315 1314 1402 ipso

167 1423 307 1487 Arriano
329 1421 478 1487 habitum
501 1445 571 1488 esse
585 1423 686 1488 nolim
702 1421 908 1488 contendere.
930 1423 1030 1496 =Nam
1046 1434 1159 1489 cautus
1175 1433 1208 1488 et
1222 1446 1313 1512 prae·

166 1542 217 1597 ter
240 1542 364 1598 ceteros
387 1533 472 1598 acris
495 1532 773 1620 iudiciiscriptor
794 1534 972 1616 Arrianus,
1001 1535 1030 1598 si
1059 1556 1117 1599 suo
1145 1535 1249 1620 ipsius
1273 1557 1315 1598 ex

167 1642 290 1707 indicio
312 1641 458 1728 singulas
482 1643 637 1729 epistulas
661 1642 831 1728 selegisset
854 1664 937 1728 quae
958 1643 1024 1706 fide
1038 1642 1160 1729 dignae
1176 1630 1206 1709 ei
1220 1644 1312 1709 vide·

165 1762 289 1834 rentur,
302 1763 427 1818 ceteras
440 1775 518 1817 vero
529 1763 566 1817 ut
581 1753 755 1818 manifesto
768 1755 897 1840 spurias
910 1753 965 1831 vel
975 1752 1090 1818 saltem
1103 1754 1223 1819 dubiae
1235 1754 1313 1819 fidei

166 1863 314 1928 consulto
336 1865 554 1948 neglexisset,
581 1863 643 1928 hoc
662 1863 775 1949 paucis
791 1862 903 1927 verbis
919 1862 1095 1928 lectoribus
1113 1864 1312 1948 significatu-

165 1996 221 2039 rus
237 1973 340 2038 fuisse
355 1973 535 2038 censendus
549 1982 609 2038 est.
632 1973 736 2058 Atqui
746 1973 808 2038 hoc
818 1995 978 2060 nusquam
991 1974 1080 2039 fecit.
1105 1970 1314 2062 Quapropter

166 2085 354 2148 universam
376 2105 460 2170 quae
481 2082 569 2170 apud
585 2082 761 2148 Arrianum
784 2092 875 2148 extat
895 2082 1079 2148 Alexandri
1102 2083 1314 2170 epistularum

167 2196 357 2260 memoriam
390 2216 538 2260 manasse
572 2195 725 2258 existimo
759 2217 800 2259 ex
833 2216 870 2259 eo
905 2215 1001 2280 quem
1034 2204 1163 2281 praeter
1190 2204 1314 2261 ceteros

166 2307 344 2393 exscripsit
365 2313 507 2369 auctore.
545 2305 607 2369 Oui
622 2287 803 2370 sententiae
817 2327 882 2370 non
897 2302 1070 2369 mediocris
1085 2304 1213 2370 aceedit
1227 2327 1313 2371 com-

166 2417 330 2481 mendatio
359 2437 400 2480 ex
423 2415 558 2480 Arriani
580 2413 637 2479 lib.
661 2414 697 2498 6,
723 2417 757 2498 1,
780 2417 815 2496 4,
845 2413 903 2478 ubi
932 2415 1107 2502 exponitur
1128 2415 1312 2481 Alexandri
1413 2407 1414 2410 ¹

167 2526 208 2590 de
230 2526 313 2590 Indo
335 2525 479 2612 Niloque
499 2525 660 2590 sententia
687 2545 770 2610 quae
800 2525 900 2588 fuerit
921 2524 1112 2611 priusquam
1134 2525 1311 2590 accuratio—

165 2658 235 2700 rem
256 2636 334 2700 Indi
356 2635 499 2700 fluminis
522 2635 741 2720 cognitionem
764 2634 828 2700 sibi
850 2643 1008 2722 parasset.
1045 2633 1135 2700 Dein
1151 2637 1311 2700 Arrianus

165 2747 208 2810 ad
230 2749 453 2813 orationem
475 2744 718 2811 indirectam
741 2746 850 2810 subito
873 2767 1049 2812 conversus
1073 2745 1194 2812 subicit
1214 2746 1310 2811 haec:

114 2931 145 2979 61
208 2910 284 2973 Arr.
307 2909 343 2992 6,
370 2909 449 2990 1,4
479 2911 535 2975 Καὶ
563 2911 602 2988 δὴ
625 2908 675 2974 καὶ
697 2910 779 2988 πρὸε
806 2909 1005 2989 Ὀλυμπιάδα
1032 2909 1204 2989 γράψαντα
1232 2907 1312 2988 ὑπὲρ

300 3013 304 3021 ’
368 3027 436 3085 τῶν
459 3020 649 3098 Ἰνδῶνγῆε
671 3019 754 3085 άλλα
775 3039 809 3084 τε
825 3019 948 3099 γράψαι
963 3019 1013 3083 καὶ
1028 3019 1077 3085 ὅτι
1093 3019 1200 3097 δοκείη
1222 3019 1310 3104 αὐτῷ

369 3131 569 3210 ἐξευρηκέναι
599 3135 657 3194 τοῦ
681 3131 797 3194 Νείλου
820 3130 876 3194 τάε
899 3130 1003 3210 πηγάε
1026 3177 1082 3194 ...
1106 3129 1175 3194 ἐπεὶ
1203 3123 1311 3209 μέντοι

369 3241 595 3320 άτρεκέετερον
618 3240 763 3319 ἐξήλεγξε
785 3241 824 3304 τά
846 3239 929 3322 ἀμφὶ
950 3245 996 3323 τῷ
1012 3225 1147 3324 ποταμῷ
1162 3247 1207 3325 τῷ
1223 3240 1311 3325 Ἰνδῷ

369 3389 410 3396 -
433 3351 520 3416 οὕτω
543 3351 582 3430 δὴ
609 3353 720 3430 μαθεῖν
743 3387 784 3394 -
806 3353 977 3428 τηνικαῦτα
1004 3351 1041 3414 δὲ
1066 3353 1122 3430 τῆε
1145 3350 1311 3430 ἑπιετολῆε

369 3465 423 3541 τῆε
445 3461 528 3540 πρὸ(
543 3462 601 3540 τὴν
623 3461 742 3541 μητέρα
763 3463 861 3526 τοῦτο
885 3461 923 3525 τὸ
946 3460 1029 3543 ἀμφὶ
1049 3467 1094 3544 τῷ
1111 3460 1215 3546 Νειλῳ
1234 3482 1310 3541 γρα-

368 3575 431 3655 φὲν
454 3571 599 3652 ἀφελεῖν.
621 3609 663 3617 -
685 3573 737 3636 καὶ
758 3572 816 3638 τὸν
837 3571 1024 3638 κατάπλουν
1046 3609 1088 3617 -
1115 3571 1311 3638 ἐπινοοῦντα

368 3683 662 3763 παραεκεναεθῆναί
685 3682 715 3746 οἱ
738 3683 790 3747 ἐπὶ
811 3687 894 3766 τῷδε
917 3685 1059 3747 κελεῦεαι
1081 3683 1137 3747 nic
1159 3686 1246 3749 ναῦε.

165 3853 323 3918 Extrema
345 3874 427 3940 quae
450 3872 645 3938 quamquam
667 3851 709 3915 ab
732 3850 873 3938 epistula
894 3850 1007 3915 illaad
1022 3860 1310 3937 rerumgestarum

163 3965 383 4032 narrationem
394 3963 582 4045 deflectunt,
597 3961 701 4027 nihilo
717 3963 817 4027 setius
834 3962 1053 4028 orationem
1069 3961 1310 4028 indirectam

163 4077 314 4161 retinent,
336 4084 508 4163 propterea
523 4073 698 4160 adscripsi,
721 4095 762 4138 ne
778 4074 850 4160 quis
866 4075 1033 4160 opinetur,
1056 4075 1141 4138 hunc
1155 4072 1310 4159 loquendi

164 4187 298 4252 modum
329 4185 407 4250 inde
440 4195 547 4250 ortum
579 4207 667 4268 esse,
701 4183 787 4271 quod
814 4185 974 4249 Arrianus
1003 4183 1177 4271 epistulam
1205 4183 1310 4270 ipsam

165 4297 367 4383 excerpserit
395 4305 427 4359 et
455 4298 502 4360 sic
525 4297 705 4362 orationem
733 4295 892 4360 directam
914 4293 1061 4360 consulto
1084 4293 1308 4359 declinaverit.

164 4406 269 4472 Immo
298 4429 340 4471 ex
368 4406 419 4470 his
447 4404 618 4493 probatur,
646 4409 833 4473 universam
859 4407 942 4471 hanc
964 4407 1160 4471 narrationis
1182 4415 1309 4493 partem
